1835 2990
881 168 931 207 72

227 290 363 332 semel
409 291 681 332 memoravit
731 291 804 343 (cf.
851 291 956 332 Aul.
1002 294 1104 340 447;
1151 291 1280 333 Asin.
1326 294 1426 337 374:
1473 292 1590 333 Men.

229 368 358 413 1129;
392 365 529 406 Merc.
565 367 667 415 2743
708 364 839 419 Epid.
878 366 977 415 1833
1010 365 1171 406 Pseud.
1206 366 1308 410 762:
1340 364 1462 406 Pers.
1496 367 1589 407 607.

227 441 338 491 609).
400 439 554 494 Neque
600 452 654 479 ne
693 437 856 480 Graeci
902 438 1085 493 quidem
1130 438 1177 479 in
1223 439 1358 480 rebus
1395 438 1592 493 publicis

224 513 507 567 privatisque
567 513 662 559 τοὺς
711 512 884 559 οἰωνοὺς
942 512 1166 567 respicere
1225 511 1444 554 solebant.
1527 510 1590 554 Cf.

228 586 500 629 Schusterus
532 586 559 627 l.
594 600 627 628 s.
661 599 694 628 s.
728 600 770 641 p.
805 588 870 638 55,
918 586 997 641 qui
1042 585 1172 627 affert
1203 586 1410 641 Xenoph.
1443 586 1591 628 Anab.

227 664 264 713 (Ji,
301 666 336 712 l,
370 663 435 711 23,
482 661 562 703 ubi
609 661 663 702 de
708 661 845 715 οἰωνῷ
877 660 1075 715 quodam
1111 660 1249 702 verba
1285 659 1413 711 fiunt,
1460 673 1593 714 quem

227 734 374 790 Cyrus
406 735 556 777 minor
587 735 758 790 Ephesi
788 734 978 775 viderat.
1033 733 1333 776 Proverbium
1364 733 1453 775 huc
1485 746 1594 788 qua-

227 810 364 851 drans
414 809 553 851 tradit
598 809 824 851 Zenobius
872 808 921 859 (I,
942 810 1030 862 76):
1098 806 1381 859 ,ξΑμεινόνων
1430 807 1594 847 οἰωνῶν

230 886 410 935 τυχεῖν.“
473 882 613 926 Cuius
651 883 717 924 rei
755 882 993 937 complura
1030 881 1237 937 exempla
1275 881 1435 923 afferre
1471 881 1594 936 equi-

229 959 330 1000 dem
363 957 647 1013 supersedeo.

345 1032 479 1084 Quod
510 1032 653 1087 igitur
685 1031 834 1072 adhuc
870 1043 1049 1085 semper
1086 1030 1397 1072 demonstrare
1429 1028 1595 1079 studui,

229 1120 304 1149 eos
335 1107 474 1157 locos,
513 1106 680 1161 quibus
713 1118 861 1146 mores
893 1104 1194 1159 institutaque
1231 1117 1310 1158 per
1342 1116 1388 1145 se
1420 1103 1521 1158 ipsa
1553 1104 1596 1143 et

228 1182 285 1223 ad
331 1194 403 1223 res
435 1181 666 1241 Romanas
714 1181 757 1220 et
803 1179 860 1220 ad
893 1177 1091 1220 Graecas
1138 1177 1372 1219 referenda
1403 1191 1596 1219 comme-

228 1257 478 1306 morantur,
524 1254 673 1309 magis
719 1252 910 1307 originis
950 1251 1149 1294 Graecae
1195 1265 1333 1307 quam
1364 1252 1596 1293 Romanae

230 1331 423 1386 vestigia
453 1344 563 1386 prae
585 1344 632 1371 se
663 1329 792 1380 ferre,
825 1328 945 1369 idem
968 1327 1089 1369 cadit
1119 1327 1166 1368 in
1197 1326 1347 1368 locum
1370 1327 1597 1381 quendam

231 1406 287 1447 ad
333 1418 405 1447 res
437 1404 659 1446 militares
705 1403 1018 1458 pertinentem,
1066 1401 1145 1444 ubi
1191 1414 1306 1456 quae
1352 1403 1598 1442 narrantur

230 1492 373 1534 neque
405 1492 431 1520 a
461 1479 775 1520 Romanorum
806 1490 950 1531 neque
988 1489 1014 1517 a
1047 1475 1327 1517 Graecorum
1359 1474 1595 1530 pugnandi

228 1554 404 1595 ratione
448 1552 580 1594 valde
628 1551 898 1605 discrepant.
976 1549 1091 1591 Dico
1143 1549 1269 1590 illam
1320 1548 1595 1604 particulam

227 1628 494 1683 longiorem,
542 1640 632 1681 qua
663 1639 689 1667 a
721 1623 851 1667 Sosia
898 1637 1054 1678 pugna
1099 1637 1203 1665 cum
1235 1623 1445 1665 Telobois
1476 1622 1598 1664 facta

230 1701 504 1744 describitur
535 1705 639 1752 (vss.
674 1700 927 1750 203—261).
992 1696 1282 1752 Quamquam
1321 1699 1471 1738 autem
1504 1696 1596 1737 iam

227 1778 274 1819 in
306 1777 455 1832 prima
485 1778 614 1831 parte
645 1775 699 1817 de
730 1774 1040 1816 Romanorum
1074 1772 1209 1814 rebus
1241 1771 1518 1812 militaribus
1550 1770 1597 1811 in

230 1852 315 1893 hac
360 1850 516 1892 fabula
562 1849 714 1891 allatis
764 1849 904 1891 verba
948 1847 1118 1890 faciens
1170 1847 1306 1888 etiam
1351 1845 1595 1888 nonnullos

230 1939 386 1968 versus
448 1925 506 1966 ad
566 1925 684 1966 hanc
742 1936 945 1979 pugnam
1007 1923 1262 1977 spectantes
1324 1920 1595 1971 enumeravi,

230 2000 396 2055 quibus
442 2012 514 2041 res
547 1999 604 2040 ad
649 1998 835 2040 illorum
867 1996 1043 2038 animos
1091 1998 1133 2036 et
1163 1994 1347 2048 ingenia
1377 1994 1597 2049 quodam-

230 2074 365 2115 modo
399 2073 768 2114 accommodatae
799 2071 1015 2126 leguntur
1046 2068 1115 2121 (cf.
1149 2081 1237 2110 vss.
1262 2070 1356 2110 218.
1382 2070 1476 2109 221.
1500 2069 1594 2110 222.

231 2150 323 2190 226.
349 2150 443 2189 227.
469 2150 562 2189 250.
589 2148 669 2189 258
688 2149 786 2201 sq.),
819 2148 971 2186 tamen
1002 2145 1088 2186 hoc
1115 2142 1339 2198 proelium
1369 2142 1597 2184 uberrime

230 2223 492 2262 enarratum
523 2220 774 2262 Lorenzius
815 2218 992 2272 (Pseud.
1025 2216 1164 2272 praef.
1197 2230 1238 2272 p.
1265 2219 1315 2259 55
1349 2217 1499 2258 adnot.
1523 2218 1596 2266 46>

230 2308 467 2350 perperam
515 2294 649 2335 dixit:
703 2294 801 2345 „ein
849 2293 950 2335 echt
1000 2292 1249 2334 romisches
1297 2291 1458 2346 Krieg-
1504 2291 1597 2332 und

232 2368 764 2423 Schlachtengemalde“:
798 2381 878 2409 nec
908 2367 1056 2422 magis
1075 2367 1330 2421 Langenus,
1364 2365 1443 2420 qui
1474 2364 1598 2406 simi-

231 2443 335 2484 liter
365 2443 587 2484 iudicavit
625 2441 838 2496 OElautin
873 2441 1062 2483 Studien
1094 2453 1135 2495 p.
1170 2440 1242 2492 92)
1280 2452 1438 2480 Verum
1468 2437 1594 2478 vidit.

251 2516 415 2559 lectius
440 2514 712 2558 Schusterus
745 2515 789 2569 (l.
814 2528 847 2557 s.
872 2527 907 2557 s.
930 2527 971 2569 p.
1008 2514 1080 2567 10)
1112 2513 1293 2555 videtur
1315 2510 1599 2554 contendisse

231 2604 412 2646 pugnae
452 2590 804 2645 descriptionem
848 2590 991 2631 totam
1038 2602 1090 2629 ex
1137 2586 1386 2641 exemplari
1424 2584 1597 2628 Graeco
