1835 2990
927 165 977 205 18

387 288 562 340 „lassus
594 301 696 330 sum
726 287 876 329 hercle
908 301 930 329 e
960 287 1086 340 navi,
1124 290 1176 329 ut
1206 289 1361 329 vectus
1394 288 1482 330 huc
1513 300 1627 330 sum:

1076 362 1212 403 etiam
1244 375 1364 403 nunc
1395 374 1577 404 nauseo.

385 436 474 478 Vix
505 436 665 479 incedo
697 435 866 486 inanis,
907 450 962 478 ne
999 436 1065 478 ire
1096 449 1230 491 posse
1261 450 1355 477 cam
1390 449 1513 478 onere
1544 435 1636 476 exi-

1367 511 1577 552 stumes.“

386 584 606 627 Similiter
649 584 768 627 ludit
804 599 843 626 v.
868 587 968 636 386,
1015 585 1095 627 ubi
1127 585 1382 627 Mercurius
1428 584 1468 625 ei
1506 583 1637 625 dicit:

273 659 417 715 „fugit
446 662 490 701 te
521 659 666 701 ratio«
700 659 747 700 id
780 661 866 701 est:
902 661 1096 711 „erras“‚
1145 661 1188 700 et
1228 659 1306 700 ille
1350 661 1402 700 ut
1446 670 1636 713 semper,

270 736 335 777 ita
380 748 500 777 nunc
546 747 727 790 quoque
773 734 830 776 ad
876 734 1121 776 iocandum
1159 736 1349 789 paratus
1392 733 1638 789 respondet

272 810 328 863 (V.
353 810 472 863 386):

388 883 600 936 „Utinam
631 882 750 925 istuc
780 882 924 938 pugni
954 881 1166 924 fecissent
1196 882 1305 933 tui“‚

270 958 318 999 id
350 959 435 1000 est:
471 956 673 1009 „utinam
703 956 772 998 tui
801 956 947 1011 pugni
976 955 1213 1011 fugissent,
1246 956 1413 1011 quibus
1445 969 1515 997 me
1545 955 1637 996 iam

270 1031 387 1074 male
416 1031 718 1073 mulcavisti“.

384 1106 563 1148 Pariter
592 1105 736 1147 facete
767 1105 995 1147 Mercurio
1028 1104 1277 1147 affirmanti
1308 1118 1356 1147 se
1388 1104 1558 1147 dixisse
1590 1116 1637 1146 se

271 1180 624 1236 Amphitruonis
657 1179 836 1222 Sosiam
869 1192 967 1222 esse
997 1180 1242 1235 respondet
1272 1194 1311 1221 v.
1337 1181 1417 1222 383
1436 1193 1522 1235 sq.:

1299 1254 1635 1307 „Peccaveranr

384 1331 502 1372 Nam
537 1328 917 1384 „Amphitruonis
947 1327 1129 1370 socnam<
1164 1328 1194 1382 ’1-
1225 1342 1353 1370 neme
1385 1341 1481 1371 esse
1512 1329 1638 1371 volui

1392 1403 1580 1444 dicere.“

387 1477 695 1521 Similitudine
753 1477 898 1533 igitur
956 1476 1287 1519 vocabulorum
1340 1476 1504 1529 „Sosia
1517 1480 1535 1498 ‘⁴
1595 1480 1639 1519 et

275 1553 477 1606 „socius“
513 1565 713 1594 errorem
744 1564 879 1593 suum
909 1551 1118 1593 excusari
1148 1551 1260 1592 vult.

384 1627 478 1669 Nec
508 1639 615 1668 vero
648 1625 779 1667 aliter
808 1625 988 1667 iocatur
1020 1625 1300 1667 Mercurium
1338 1625 1428 1668 sibi
1459 1626 1638 1668 similli-

271 1715 396 1743 mum
428 1714 525 1743 esse
557 1700 749 1742 miratus
781 1713 834 1742 ac
865 1714 905 1742 V.
934 1702 1016 1742 458
1046 1712 1111 1755 sq.
1131 1700 1160 1752 ¹)
1194 1700 1252 1741 ad
1283 1699 1510 1754 duplicem
1541 1700 1634 1742 vim

271 1777 396 1819 vocis
431 1776 637 1830 „imago“
672 1775 853 1817 alludit:

388 1864 521 1903 „nam
551 1850 814 1906 hicquidem
846 1863 1025 1891 omnem
1056 1849 1302 1903 imaginem
1330 1862 1489 1901 meam,
1522 1863 1638 1905 quae

950 1924 1142 1965 antehac
1172 1922 1331 1974 fuerat,
1363 1923 1579 1978 possidet.

386 1999 503 2041 Vivo
525 1997 590 2051 fit,
619 1999 741 2054 quod
764 2011 1012 2053 numquam
1035 1998 1279 2053 quisquam
1301 2000 1482 2040 mortuo
1504 1997 1639 2041 faciet

1423 2072 1577 2114 mihi.“

389 2146 652 2190 Scurriliter
682 2147 825 2202 igitur
857 2146 1081 2201 gloriatur
1119 2146 1207 2188 sibi
1243 2146 1348 2187 vivo
1380 2146 1471 2187 iam
1501 2145 1638 2187 talem

273 2223 492 2263 honorem
523 2221 684 2272 tribui,
731 2220 857 2275 quali
888 2221 1116 2271 mortuus,
1163 2221 1318 2274 utpote
1364 2219 1442 2274 qui
1480 2232 1636 2261 servus

273 2296 347 2347 sit⁷
385 2307 635 2349 numquam
667 2293 991 2335 sitfruiturus.
1057 2292 1241 2347 Cogitat
1288 2293 1341 2334 de
1386 2293 1465 2334 illo
1513 2306 1637 2335 more

272 2370 318 2411 in
350 2368 585 2411 funeribus
618 2368 979 2410 clarissimorum
1008 2367 1319 2409 Romanorum
1351 2370 1636 2409 mortuorum

388 2546 412 2586 1)
441 2545 484 2579 cf.
504 2545 759 2580 Schroederus:
795 2544 858 2585 „de
882 2543 1055 2578 Romanis
1086 2543 1244 2578 moribus
1274 2543 1447 2587 palliatae
1470 2543 1634 2578 fabulae“

273 2602 357 2637 diss.
375 2603 437 2636 ΠΙ
462 2613 581 2646 progr.
609 2602 715 2636 schol.
748 2600 1000 2636 lilarienwerd.
1027 2611 1109 2644 pag.
1128 2601 1158 2634 7.
