1835 2990
874 167 926 205 (35

226 290 427 346 plebeiae
473 289 587 340 (Liv.
631 291 694 339 10,
735 291 800 339 23,
842 293 883 339 7;
931 289 1047 330 Fest.
1093 289 1234 339 2421),
1274 291 1344 340 31)
1392 290 1587 331 honoros

226 365 369 408 divini
400 365 736 407 tribuebantur:
770 377 925 405 verum
960 364 1094 405 etiam
1119 377 1144 404 a
1167 363 1355 406 Graecis
1378 366 1420 405 et
1441 363 1588 410 Αἰδώς

224 441 267 482 et
286 437 504 480 Ἀναίδεια
535 439 643 480 deae
666 438 933 480 colebantur
955 437 1025 490 (cf.
1051 438 1180 480 Faus.
1204 438 1239 490 Ι,
1267 442 1329 486 17,
1358 442 1396 488 1;
1420 438 1586 479 Prellc-

224 526 301 556 rus
334 513 478 567 Myth.
504 512 661 554 Graec.
685 512 726 553 1²³
757 526 797 566 p.
822 515 924 560 434;
959 511 1231 554 Soliusterus
1263 511 1290 552 1.
1316 525 1348 553 s.
1374 526 1406 552 s.
1432 526 1472 567 p.
1498 514 1582 564 53).

335 587 477 628 Porro
512 586 876 627 commemorabo
908 600 948 626 v.
973 588 1074 636 422,
1114 585 1193 627 ubi
1232 586 1585 640 Amphitruonis

225 661 350 704 anuli
381 661 563 716 signum
601 661 668 702 sic
713 660 1006 702 describitur:
1056 673 1187 711 „cum
1226 660 1466 715 quadrigis
1508 659 1585 702 Sol

224 735 472 777 exoriensf‘
539 733 659 777 Solis
707 734 778 776 dei
823 747 937 789 opus
985 734 1266 776 cotidianum
1312 747 1409 776 esse
1447 748 1586 789 equos

222 809 352 851 albos
384 810 602 864 quattuor
633 809 690 850 ad
723 822 908 850 currum
930 808 1110 850 iunctos
1141 821 1297 864 regere
1327 810 1370 849 et
1391 808 1587 850 Romani

225 885 268 925 et
313 882 477 925 Graeci
521 883 757 938 putabant.
834 882 1046 937 Exempli
1100 883 1249 937 gratia
1299 883 1411 924 haec
1463 883 1587 924 Ionis

224 957 365 1001 solem
397 957 670 999 exorientem
705 957 946 999 salutantis
968 957 1108 999 verba
1131 957 1317 998 afferam
1342 957 1465 1010 (Eur.
1490 957 1583 999 Ion.

225 1046 263 1073 v.
288 1034 341 1074 82
364 1032 472 1087 sq.):

338 1106 535 1159 »ἅρματα
565 1106 644 1157 μὲν
674 1103 776 1144 τάδε
807 1104 983 1158 λαμπρά
1016 1106 1284 1159 τεθρίππων

337 1180 449 1234 ἥλιος
482 1178 560 1235 ἤδη
592 1178 751 1231 λάμπει
784 1179 892 1218 κατὰ
923 1179 1041 1233 γῆν.“
1073 1194 1109 1218 κ.
1142 1195 1177 1219 τ.
1209 1179 1246 1219 λ.

285 1260 291 1266 ”
340 1254 459 1297 Solis
492 1254 563 1295 slei
595 1254 731 1294 etiam
763 1253 993 1307 Amphitr.
1028 1266 1066 1293 v.
1092 1255 1192 1294 282:

338 1327 512 1380 „Credo
560 1326 718 1381 edepol
756 1327 965 1381 equidem
1007 1326 1206 1368 dormire
1244 1325 1407 1377 Solem,
1457 1328 1590 1381 atque

1114 1401 1333 1455 adpotum
1365 1401 1532 1455 prob&

223 1475 389 1517 mentio
420 1474 473 1516 fit
504 1474 576 1528 (cf.
611 1474 707 1517 Mil.
733 1476 837 1525 8033
880 1475 1043 1516 Bacch.
1070 1478 1162 1517 255.
1198 1477 1299 1526 895;
1333 1475 1587 1529 Ε111(1.604;

226 1550 363 1592 Mero.
396 1549 511 1604 prol.
537 1552 588 1591 39
622 1547 779 1602 (Goe.).

340 1623 518 1676 Quibus
550 1623 663 1665 locis
695 1626 745 1664 ut
776 1623 829 1664 de
862 1622 965 1665 Sole
997 1623 1098 1673 deo,
1139 1623 1204 1664 ita
1235 1637 1273 1664 v.
1300 1625 1381 1665 273
1407 1636 1503 1678 sqq.
1539 1623 1591 1664 de

226 1697 370 1740 stellis
402 1697 634 1739 nonnullis
666 1697 820 1751 agitur
852 1696 925 1750 (cf.
950 1697 1256 1752 Kesebergius
1285 1697 1312 1738 1.
1337 1710 1370 1739 5.
1395 1710 1427 1738 5
1452 1710 1492 1751 p.
1519 1700 1590 1740 31:

227 1771 511 1814 Hubrichius
542 1771 569 1812 l.
594 1784 627 1812 s.
652 1784 685 1813 s.
709 1784 750 1825 p.
775 1773 861 1823 47).

341 1844 474 1888 Sosia
520 1846 574 1887 de
612 1847 742 1886 nocte
781 1845 919 1899 longa
956 1845 1148 1886 miratus
1181 1845 1399 1900 quoniam
1431 1848 1589 1889 11272,

228 1920 282 1962 de
313 1932 403 1975 quo
435 1932 551 1974 quae
572 1918 619 1959 in
642 1918 790 1973 capite
812 1919 961 1973 primo
985 1918 1175 1973 exposui
1199 1919 1367 1969 videas,
1401 1918 1592 1960 Noctur-

228 2007 335 2035 num
383 1994 516 2035 deum
561 1992 736 2034 ebrium
785 1993 1118 2034 obdormivisse
1166 1993 1317 2034 iocose
1358 1992 1593 2034 conclusit.

228 2068 348 2109 hanc
393 2067 651 2122 opinionem
698 2066 770 2109 his
817 2067 1100 2121 argumentis
1140 2066 1410 2108 confirmare
1443 2066 1594 2108 studet

229 2155 268 2182 v.
294 2143 374 2184 273
397 2154 514 2196 sqq:

345 2216 489 2267 „Nam
520 2228 663 2269 neque
696 2227 743 2256 se
774 2214 1104 2269 septentriones
1136 2227 1368 2269 quoquam
1401 2214 1447 2255 in
1471 2214 1595 2256 caelo

1239 2291 1536 2339 commovent,

344 2363 500 2417 Neque
532 2376 579 2404 se
609 2362 718 2403 luna
749 2375 981 2417 quoquam
1014 2364 1160 2403 mutat
1193 2364 1329 2417 atque
1368 2362 1436 2404 uti
1468 2375 1595 2403 exor-

1263 2439 1355 2478 tast
1386 2436 1537 2485 5011101,

233 2513 326 2553 275.
359 2511 453 2552 Νο0
483 2509 668 2565 iugulae
715 2523 858 2565 neque
896 2524 1149 2565 vesperugo
1198 2524 1342 2566 neque
1378 2510 1597 2566 vergiliae

1315 2585 1539 2627 occidunt.

1307 2666 1320 2674 ,-

1305 2677 1325 2698 ζ)
