1835 2990
901 138 954 178 32

249 260 330 303 ubi
361 260 646 302 Nocturnum
677 260 902 313 nominat,
943 261 1071 303 cuius
1111 261 1183 303 dei
1213 261 1387 303 cultum
1417 263 1614 305 Romani

251 335 308 377 ab
360 335 566 377 Etruscis
619 337 895 390 acceperant.
971 335 1097 377 Idem
1150 335 1287 377 etiam
1337 334 1612 379 Summanus

251 408 488 450 dicebatur
534 407 611 462 (cf.
659 409 935 452 Merckelius
982 410 1041 451 ad
1087 409 1217 451 Ovid.
1264 410 1387 452 Fast.
1433 423 1474 466 p.
1510 413 1610 462 2083

252 483 552 525 Merckiinius
598 483 689 525 ind.
732 484 919 539 Dorpat.
957 486 1064 527 1862
1108 497 1150 539 p.
1185 484 1268 538 10).
1338 483 1612 527 Summanus

253 570 279 598 a
300 556 462 598 Plauto
488 559 869 599 commemoratur
890 558 1054 599 Bacch.
1080 560 1160 600 895
1185 560 1227 599 et
1249 557 1380 601 Curc.
1401 561 1482 601 413
1501 571 1612 613 sqq„

250 630 329 673 ubi
359 632 590 686 parasitus
622 631 668 673 in
701 632 796 674 eius
828 632 1010 673 nomine
1040 632 1170 674 ludit.

364 706 457 747 Nec
493 719 599 748 vero
637 705 784 748 solum
825 706 878 747 de
915 706 1103 747 deorum
1134 706 1446 748 Romanorum
1490 705 1616 747 cultu

250 779 470 821 nonnulla
508 780 594 822 hac
630 779 786 823 fabula
823 780 1160 835 cognoscimus,
1198 794 1355 822 verum
1395 780 1531 821 etiam
1562 779 1615 820 de

251 852 563 895 Romanorum
607 854 896 897 caerimoniis
933 855 1187 909 ritibusque
1225 854 1393 896 divinis
1430 853 1616 909 quibus-

250 926 355 968 dam
387 928 542 969 eadem
574 928 798 970 docemur.

366 1003 436 1043 Ac
488 1015 527 1043 V.
573 1005 680 1045 1093
713 1016 779 1057 sq.
832 1003 1019 1044 Bromia
1070 1001 1236 1044 ancilla
1286 1000 1616 1056 Amphitruoni

255 1078 423 1127 narrat,
457 1076 565 1130 quid
597 1076 849 1118 Alcumena
881 1090 980 1118 cum
1016 1076 1249 1118 doloribus
1295 1076 1343 1117 in
1381 1077 1509 1117 utero
1543 1088 1616 1116 ex-

253 1149 365 1191 ortis
398 1150 554 1191 vexari
586 1152 742 1205 coepta
776 1151 848 1202 sit,
882 1150 1006 1192 domi
1035 1149 1208 1192 fecerit:

370 1223 584 1274 „Invocat
606 1225 712 1267 deos
734 1224 1022 1277 immortalis,
1045 1226 1095 1265 ut
1111 1224 1200 1266 sibi
1218 1223 1440 1266 auxilium
1455 1222 1615 1274 ferant,

367 1298 582 1340 Manibus
614 1298 755 1354 puris,
788 1298 933 1354 capite
965 1300 1163 1353 operto.“

367 1371 603 1414 Vocabula
634 1386 673 1414 V.
702 1376 810 1416 1094
848 1374 1066 1414 extrema:
1117 1372 1290 1427 „capite
1328 1374 1511 1427 0110110α
1560 1371 1618 1412 ad

255 1459 429 1488 morem
459 1460 563 1488 vere
594 1447 851 1488 Romanum
881 1446 1109 1502 pertinent
1140 1445 1209 1498 (cf.
1240 1446 1300 1488 M.
1325 1444 1615 1488 Schusterus:

258 1521 514 1575 „quomodo
559 1520 750 1563 Plautus
783 1520 935 1562 Attica
984 1520 1261 1575 exemplaria
1305 1519 1614 1561 t1²anstulerit“

256 1594 365 1636 diss.
416 1595 570 1650 inaug.
625 1593 884 1650 Gryphisw.
943 1597 1050 1637 1884
1109 1607 1149 1649 p.
1186 1597 1229 1645 93
1291 1594 1617 1648 Kesebergius:

254 1668 282 1709 1.
306 1681 339 1710 s.
364 1681 397 1710 s.
421 1682 462 1724 p.
489 1672 511 1711 6
535 1670 634 1724 sq.)
697 1668 861 1711 Graeci
892 1669 1010 1710 enim
1043 1668 1189 1723 capite
1211 1670 1366 1723 aperto
1400 1666 1474 1722 (cf.
1498 1667 1616 1709 Plut.

258 1742 441 1795 Quaest.
481 1743 609 1785 Rom.
653 1744 721 1795 10)
770 1743 877 1785 deos
920 1743 1271 1793 venerabantur,
1318 1742 1403 1784 etsi
1448 1743 1618 1784 Aescu-

256 1817 430 1873 lapium
468 1817 601 1859 deum
647 1817 741 1859 eius
788 1817 835 1858 in
880 1817 1048 1871 templo
1085 1816 1352 1858 incubant-es
1391 1815 1523 1857 aliter
1552 1815 1620 1856 vi-

257 1893 423 1934 dentur
469 1891 664 1934 coluisse
711 1890 787 1945 (cf.
827 1891 1062 1946 Aristoph.
1102 1890 1219 1932 Plut.
1253 1892 1334 1932 689
1357 1902 1475 1944 sqq,
1516 1892 1617 1940 7073

255 1966 400 2008 Plaut.
423 1965 552 2009 Curc.
573 1968 682 2017 389).
734 1967 799 2007 At
820 1965 1015 2007 Romani
1037 1977 1191 2006 omnes
1224 1964 1331 2006 deos
1354 1965 1618 2005 venerantes

258 2042 394 2095 caput
425 2041 711 2096 operuerunt,
745 2053 833 2095 qua
867 2040 920 2081 de
951 2053 999 2081 re
1020 2039 1294 2081 Plutarchus
1315 2038 1500 2080 uberius
1529 2037 1620 2079 dis-

257 2114 436 2170 putavit
467 2114 656 2169 (quaest.
680 2114 808 2156 Rom.
834 2127 868 2155 0.
893 2116 937 2156 9;
970 2113 1057 2153 Διά
1085 2114 1125 2152 τί
1154 2113 1250 2159 τοὺς
1279 2112 1408 2159 θεοὺς
1437 2125 1619 2166 προσκυ-

258 2189 426 2236 νοῖντες
443 2187 808 2229 ἐπικαλύπτονται
826 2188 900 2242 τὴν
916 2186 1160 2243 nequitia->3
1185 2186 1236 2228 cf.
1260 2186 1396 2228 etiam
1414 2185 1618 2228 Macrob.

262 2262 442 2305 saturn.
466 2262 549 2313 III,
583 2265 626 2314 65.
661 2260 751 2304 Cic.
784 2262 837 2303 de
866 2264 955 2303 nat.
986 2262 1104 2302 deor.
1129 2261 1186 2311 H,
1211 2263 1248 2311 3,
1274 2262 1345 2311 103
1379 2260 1510 2314 Prop.
1535 2258 1617 2310 ΠΙ,

260 2339 313 2379 28
324 2337 364 2387 b,
398 2339 470 2387 453
504 2338 605 2378 acta
626 2335 752 2377 fratr.
778 2335 916 2377 arval.
942 2338 993 2377 79
1026 2335 1111 2386 (ed.
1136 2334 1317 2388 Henz.):
1354 2333 1424 2384 „in
1446 2345 1619 2388 pronao

259 2410 384 2452 aedis
417 2409 698 2453 Concordiae
745 2409 891 2451 velato
939 2409 1085 2464 capite
1130 2406 1405 2449 sacrificium
1446 2406 1619 2448 indixe-

257 2486 404 2526 111111.ζί

374 2558 517 2599 Porro
549 2557 743 2612 legimus
775 2571 814 2599 v,
841 2559 920 2599 739
943 2570 1028 2611 sq.:
