1835 2990
911 145 963 184 42

258 265 331 320 (cf.
366 264 475 309 Cist.
509 268 604 308 496,
649 266 778 308 Truc.
813 268 907 310 805.
946 267 1076 308 Τ1·110.
1111 270 1176 310 20.
1216 268 1335 309 Trin.
1371 272 1465 310 591.
1502 272 1621 312 1070.

257 339 391 381 Poen.
425 342 519 383 830.
553 343 648 382 900.
683 339 811 395 Capt.
844 344 938 383 418.
972 341 1076 383 Aul.
1111 344 1223 393 692).

375 413 502 466 Quae
525 415 689 465 omnia,
718 428 832 469 quae
855 417 897 456 et
919 415 972 456 de
993 416 1151 469 poetae
1173 416 1349 456 ratione
1372 415 1622 457 orationem

258 485 440 529 fabulae
472 487 659 529 liberius
692 490 827 543 atque
858 487 1102 530 artificiose
1140 488 1455 531 conformandi
1491 491 1534 531 et
1571 489 1625 530 de

259 560 316 602 iis
348 560 461 603 locis
485 561 687 603 elocutus
719 575 832 612 sum,
865 563 944 617 qui
967 565 1045 603 aut
1072 563 1157 604 toti
1179 566 1257 604 aut
1278 563 1432 618 aliqua
1464 563 1624 604 saltem

260 648 315 676 ex
365 638 493 690 parte
544 637 600 677 ad
651 650 722 678 res
773 650 877 678 vere
927 637 1156 678 Romanas
1207 637 1451 678 revocandi
1501 639 1625 688 sunt,

261 709 431 763 optime
462 710 636 761 docent,
669 724 806 765 quam
838 710 1000 752 sollers
1033 713 1076 752 et
1106 710 1370 764 ingeniosus
1402 711 1448 751 in
1480 724 1625 751 exem-

258 782 379 837 plari
435 784 591 825 Attico
647 784 960 826 transferendo
1017 784 1164 825 fuerit.
1245 785 1418 826 Eorum
1475 786 1626 825 autem

259 869 474 898 versuum
521 859 600 913 qui
645 861 723 900 aut
767 859 852 900 toti
898 861 976 900 aut
1013 872 1067 899 ex
1102 858 1275 899 maiore
1304 860 1433 913 parte
1465 858 1523 899 ad
1552 871 1624 899 res

278 931 490 974 Romanas
548 934 793 988 pertinent,
856 934 986 987 origo
1045 932 1220 974 Graeca
1276 931 1419 974 multo
1475 932 1625 987 magis

258 1005 438 1048 videtur
470 1008 726 1058 obscurata,
759 1020 897 1062 quam
926 1020 1081 1049 eorum
1111 1006 1191 1048 ubi
1213 1006 1396 1061 singula
1426 1008 1625 1047 tantum-

260 1081 395 1122 modo
418 1081 642 1124 Vocabula
663 1082 820 1123 eodem
849 1081 1101 1136 spectantia
1123 1082 1380 1131 occurrunt,
1409 1080 1627 1135 quoniam

259 1155 503 1197 sententias
536 1156 767 1211 generales
790 1156 861 1197 his
894 1168 1132 1210 expressas
1155 1168 1208 1196 ex
1241 1154 1445 1209 exemplo
1469 1154 1623 1196 Attico

258 1228 422 1282 petitas
455 1242 552 1271 esse
582 1232 743 1284 putare
774 1242 864 1271 11011
887 1231 1105 1270 vetamur.
1160 1228 1285 1281 Quas
1313 1228 1418 1269 inde
1438 1228 1625 1270 fluxisse

259 1316 349 1357 qua
379 1304 611 1358 probabili
641 1304 818 1345 ratione
847 1304 991 1345 evinci
1022 1303 1181 1358 possit,
1215 1303 1410 1344 maxime
1432 1303 1488 1344 iis
1511 1302 1625 1344 locis

255 1377 549 1431 intellegitur,
596 1377 675 1419 ubi
707 1379 786 1418 aut
820 1377 1071 1419 locutiones
1104 1390 1339 1432 vocesque,
1372 1389 1488 1431 quae
1520 1390 1622 1418 cum

259 1450 539 1493 Graecorum
584 1451 812 1493 similibus
859 1450 1055 1493 conferri
1099 1453 1303 1505 possunt,
1351 1454 1430 1492 aut
1475 1464 1624 1493 mores

258 1525 559 1579 institutaque
597 1526 1023 1576 commemorantur⁷
1070 1525 1237 1579 quibus
1285 1529 1327 1566 et
1357 1525 1553 1566 Romani
1584 1527 1626 1566 et

259 1598 423 1641 Graeci
468 1599 639 1654 pariter
684 1600 755 1641 usi
801 1602 917 1641 sunt.
993 1600 1053 1641 Et
1097 1600 1153 1641 ad
1200 1601 1318 1641 hanc
1362 1613 1457 1641 rem
1504 1613 1624 1641 com-

258 1673 468 1728 pluribus
501 1673 718 1729 exemplis
757 1674 1144 1729 comlu‘obandam
1184 1674 1330 1715 oratio
1368 1687 1467 1715 mea
1504 1687 1625 1715 1111110

259 1761 306 1790 30
338 1750 496 1789 vertat.

797 1894 993 1950 Caput
1030 1896 1088 1937 Π.

319 2003 535 2054 Quomodo
574 2004 698 2059 origo
737 2003 902 2047 Graeca
939 2003 1162 2060 probabili
1202 2003 1355 2059 aliqua
1392 2003 1568 2047 ratione

796 2090 894 2133 erui
930 2089 1086 2146 possit.

373 2197 526 2239 Primo
558 2197 658 2239 loco
683 2198 736 2239 de
766 2198 1013 2252 phrasibus
1042 2197 1320 2251 vocibusque
1350 2196 1623 2250 quibusdam

260 2272 493 2321 disseram,
527 2284 640 2326 quas
664 2285 763 2314 cum
790 2271 1069 2313 Graecorum
1098 2270 1325 2312 similibus
1356 2283 1624 2324 componere

257 2357 520 2399 possumus:
582 2347 717 2399 atque
774 2345 990 2399 incipiam
1041 2357 1067 2385 a
1117 2343 1348 2385 nonnullis
1399 2344 1624 2385 eiusmodi

258 2418 566 2460 locutionibus
599 2418 877 2473 vocibusque
908 2419 973 2459 ita
1005 2418 1217 2472 ambigue
1245 2417 1420 2472 positis,
1453 2419 1504 2458 ut
1533 2416 1623 2458 ioci

260 2491 473 2533 scurriles
506 2492 725 2534 oriantur.

375 2565 424 2606 V.
457 2568 538 2608 325
571 2565 800 2607 Mercurio
838 2565 1042 2620 professo
1080 2565 1169 2608 sibi
1206 2577 1363 2606 vocem
1401 2565 1458 2606 acl
1490 2577 1621 2606 aures
