1835 2990
897 139 951 179 30

239 260 473 301 rentianae
495 261 552 302 ad
574 260 841 315 religionem
860 263 1140 317 spectantes“
1166 262 1290 314 (diss.
1308 262 1460 318 inaug.
1481 264 1604 319 Lips.

243 335 350 376 1884
373 347 413 388 p.
439 337 462 375 6
486 347 551 389 sq.

355 420 417 461 At
452 419 499 460 in
532 419 725 462 Graecia
761 421 972 463 mulieres
1002 421 1307 476 parturientes
1338 422 1603 478 plerumque

238 493 437 534 Dianam
469 494 671 547 (Theocr.
703 497 774 547 27,
808 497 860 536 29
885 494 960 549 al.)
1000 495 1266 547 adorabant,
1304 496 1425 550 quod
1458 509 1604 537 exem-

238 567 364 621 plum
401 567 593 609 feminae
624 569 856 610 Romanae
887 571 1046 623 postea
1077 570 1258 611 demum
1290 572 1467 612 secutae
1500 572 1606 612 sunt

239 640 313 693 (cf.
347 642 458 683 Hor.
493 642 562 683 od.
597 645 636 694 3,
669 645 742 693 22;
783 642 946 686 Catull.
972 646 1039 695 34,
1073 646 1096 686 9
1119 656 1216 698 sqq.
1251 643 1379 685 Ovid.
1411 643 1512 686 fast.
1545 644 1603 696 Π,

238 717 317 756 451
357 715 445 769 al).
508 715 648 759 Cuius
695 716 974 759 discriminis
1022 717 1321 772 gravissimus
1367 718 1495 760 testis
1539 720 1606 760 est

238 787 396 831 Cicero
434 790 506 844 (de
544 792 634 832 nat.
675 791 794 833 deor.
827 791 886 843 II,
925 794 990 842 27,
1031 792 1127 844 68);
1182 791 1359 847 „itaque
1396 794 1447 833 ut
1483 791 1603 846 apud

239 861 437 905 Graecos
460 865 656 906 Dianam
684 879 871 921 eamque
893 865 1161 917 Luciferam,
1194 866 1259 908 sic
1281 866 1403 921 apud
1423 867 1604 908 nostros

235 937 456 980 Iunonem
487 939 709 981 Lucinam
740 940 787 981 in
818 940 1036 995 pariendo
1068 942 1273 982 vocant“.

351 1031 498 1085 Atqui
544 1031 597 1072 de
643 1031 852 1073 Terentio
885 1032 1094 1073 Donatus
1135 1031 1210 1085 (ad
1241 1031 1384 1073 Andr.
1417 1031 1443 1072 l.
1477 1044 1511 1073 s.
1544 1034 1599 1081 s.)

238 1104 420 1146 definite
466 1103 685 1147 affirmat:
736 1105 1074 1157 „obstetriciam
1120 1107 1390 1159 potestatem
1434 1105 1601 1147 Iunoni

239 1178 462 1229 attribuit,
510 1192 788 1234 quamquam
835 1179 1086 1221 Menander
1130 1178 1257 1220 illam
1288 1178 1484 1220 Dianam
1522 1191 1600 1233 ap-

236 1253 424 1308 pellat“;
464 1253 764 1308 similiterque
795 1253 1108 1308 Eugraphius:
1152 1252 1310 1304 „Hanc
1341 1251 1596 1305 (Iunonem)

237 1327 423 1382 quidam
454 1329 606 1369 tamen
647 1327 799 1382 potius
837 1340 935 1369 esse
966 1327 1164 1368 Dianam
1196 1326 1420 1367 dixerunt.
1480 1326 1599 1368 Nam

236 1402 301 1443 ita
338 1402 587 1444 Menander
633 1401 782 1456 ipsam
827 1403 962 1442 vocat
1005 1414 1143 1455 quam
1199 1400 1310 1442 dicit
1354 1398 1597 1451 ’Ἀρτεμιν“.

235 1477 378 1531 Ergo,
426 1476 540 1517 Iuno
580 1489 606 1517 a
636 1475 815 1517 feminis
850 1474 1037 1517 Graecis
1082 1474 1309 1516 interdum
1355 1473 1598 1515 mulierum

238 1550 531 1605 gravidarum
569 1551 765 1604 patrona
806 1549 911 1591 licet
948 1550 1110 1590 vocata
1147 1548 1207 1590 sit
1243 1547 1316 1601 (cf.
1350 1546 1597 1588 Prellerus:

237 1626 380 1679 Myth.
423 1624 602 1667 Graec.¹
643 1624 676 1665 Ι.
722 1623 841 1677 113),
895 1625 1049 1664 tamen
1106 1635 1197 1664 non
1246 1622 1405 1663 videor
1463 1620 1598 1662 nimis

236 1699 451 1740 audacter
497 1698 767 1740 contendere
813 1697 1027 1738 Plautum
1072 1709 1143 1738 res
1184 1696 1413 1737 Romanas
1457 1694 1598 1749 respi-

239 1773 427 1815 cientem
472 1772 773 1815 Alcumenam
819 1784 899 1826 per
929 1771 1147 1813 Iunonem
1184 1769 1403 1811 Lucinam
1448 1769 1601 1810 iuran-

235 1850 326 1889 tem
357 1847 536 1898 fecisse,
568 1847 615 1887 in
649 1846 853 1900 exemplo
886 1845 1041 1887 Attico
1073 1844 1289 1895 Dianam,
1336 1856 1426 1884 non
1463 1842 1598 1884 Iuno-

236 1936 337 1963 nem
368 1922 649 1963 nominatam
679 1920 741 1962 fUl
749 1934 831 1962 SSss.

347 2013 487 2054 Poeta
518 2013 662 2066 igitur
692 2014 743 2052 ut
774 2011 849 2052 hic
881 2011 934 2051 de
966 2010 1139 2051 Iunone
1170 2008 1357 2060 Lucina,
1396 2008 1460 2050 ita
1491 2007 1593 2050 aliis

233 2087 347 2129 locis
394 2087 448 2128 de
485 2086 599 2128 Jove
638 2084 897 2140 Capitolino
937 2083 1131 2138 cogitari
1171 2082 1280 2124 vult.
1349 2084 1418 2124 Ac
1448 2095 1488 2123 v.
1514 2084 1594 2124 278

235 2161 330 2203 eius
363 2174 633 2216 cognomen:
669 2159 931 2214 „Optimus“
966 2158 1145 2213 legitur.

348 2253 490 2294 Porro
522 2266 560 2294 v.
586 2255 686 2295 461:

351 2338 476 2389 „Nisi
508 2337 644 2379 etiam
675 2337 714 2378 is
746 2349 927 2391 quoque
958 2348 1028 2376 me
1059 2333 1310 2389 ignorabit,
1357 2332 1479 2387 quod
1516 2331 1594 2372 ille

1161 2407 1277 2449 faxit
1305 2406 1534 2461 Iuppiter⁴‘

234 2487 309 2528 hic
360 2487 468 2527 deus
520 2486 704 2527 dicitur:
765 2483 872 2535 „ille
924 2482 1178 2537 Iuppiter&
1233 2479 1284 2522 cf.
1324 2480 1459 2522 Most.
1493 2480 1588 2521 398.

235 2561 395 2602 Pseud.
436 2562 536 2602 923:
587 2559 682 2610 „ita
719 2558 795 2600 ille
838 2557 953 2599 faxit
990 2556 1240 2611 Iuppiter“;
1288 2553 1418 2597 Cure.
1450 2566 1490 2594 v.
1521 2555 1593 2594 27:
