1835 2990
861 165 909 205 15

206 288 452 339 tonitrus“;
492 290 534 329 et
578 288 624 329 in
672 288 921 343 posteriore
961 300 1118 328 versus
1155 290 1283 341 parte
1317 286 1431 328 illud
1466 288 1567 337 „ut“

206 365 276 405 ter
307 377 407 405 011111
441 365 561 404 certa
594 363 636 404 vi
668 363 869 417 positum
901 364 978 404 est.

319 449 412 490 Nec
442 461 547 489 vero
580 448 729 489 minus
763 447 931 489 affabre
960 446 1294 501 artificioseque
1315 460 1397 488 nec
1418 446 1569 487 minus

208 522 349 565 libere
386 522 576 564 Plautus
622 522 719 577 ipse
757 522 986 577 plerisque
1032 517 1188 563 eorum
1227 521 1430 562 locorum
1470 533 1569 562 ora-

206 597 375 638 tionem
408 595 721 646 conformavit,
755 596 921 650 quibus
954 595 1034 636 11111
1054 595 1279 637 vocabulo
1312 594 1476 649 duplex
1499 594 1569 636 vis

205 671 424 713 tribuitur
462 675 541 712 aut
571 670 777 725 quolibet
808 670 942 711 modo
989 670 1035 710 in
1075 669 1336 711 nominibus
1368 668 1568 724 propriis

204 745 276 787 vel
307 745 543 788 vocabulis
576 745 679 787 aliis
711 745 896 786 luditur.
947 743 1087 787 Cuius
1119 744 1185 785 rei
1217 743 1470 798 exemplum
1502 742 1570 784 lu-

206 819 568 862 culentissimum
599 819 766 874 legitur
799 832 860 860 vs.
896 821 978 861 304
1010 831 1107 873 sqq.

321 904 549 958 Quoniam
568 905 823 947 Mercurius
846 907 895 946 ut
913 903 1082 955 Sosiae,
1107 917 1237 946 servo
1260 904 1566 952 timidissimo,

205 993 434 1021 summum
467 981 635 1021 metum
667 979 866 1030 iniceret,
900 978 1134 1020 simulavit
1162 991 1209 1020 se
1239 978 1330 1019 iam
1354 980 1571 1032 quattuor

203 1054 409 1096 homines
442 1054 728 1106 mulcavisse,
767 1054 987 1109 quamdiu
1019 1054 1171 1095 animo
1213 1053 1373 1095 defecti
1405 1055 1566 1098 essent,

203 1127 280 1170 ille
310 1129 702 1171 vehementissime
734 1129 920 1170 territus
953 1128 1177 1170 exclamat
1207 1128 1291 1181 (vs.
1319 1131 1399 1171 304
1429 1128 1564 1183 sqq.):

752 1209 994 1261 „Formido
1027 1208 1157 1259 male,

319 1284 384 1325 Ne
407 1296 490 1338 ego
523 1283 597 1324 hic
629 1296 792 1324 nomen
824 1296 972 1324 meum
997 1285 1270 1324 commutem
1303 1285 1345 1323 et
1368 1282 1567 1334 Quintus

1175 1355 1283 1397 fiam
1315 1370 1336 1397 e
1368 1355 1511 1398 Sosia.

322 1441 552 1494 Quattuor
583 1442 705 1484 viros
738 1442 893 1496 sopori
925 1455 972 1484 se
1005 1442 1182 1483 dedisse
1214 1441 1289 1483 hic
1320 1443 1567 1483 autumat.“

317 1527 483 1569 Metuit
512 1526 669 1581 igitur,
702 1540 757 1567 ne
778 1527 876 1581 ipse
908 1527 1094 1581 quintus
1126 1527 1199 1577 sit,
1232 1540 1365 1581 quem
1397 1526 1472 1568 ille
1504 1527 1569 1568 ita

204 1600 320 1642 male
351 1603 630 1642 tractaturus
661 1601 738 1641 sit:
793 1614 980 1655 eamque
1011 1601 1281 1642 sententiam
1313 1614 1352 1641 v.
1387 1603 1468 1643 304
1500 1614 1565 1656 sq.

203 1675 416 1730 ambigue
453 1688 506 1716 ac
542 1674 700 1716 festive
738 1674 804 1717 Sic
835 1675 1060 1729 exprimit,
1109 1675 1243 1730 quasi
1290 1689 1395 1717 vero
1442 1678 1568 1730 putet

203 1763 250 1792 se
298 1749 423 1791 brevi
468 1762 631 1790 nomen
678 1762 810 1790 suum
857 1763 959 1791 cum
1005 1749 1297 1804 praenomine
1339 1750 1564 1791 Romano:

205 1823 457 1876 „Quintus“
507 1825 891 1865 commutaturum
941 1836 1048 1865 esse.
1127 1822 1346 1865 Similiter
1391 1824 1569 1866 iocatur

204 1894 456 1951 Chrysalus
489 1896 668 1946 (Bacch.
704 1899 783 1939 301
818 1898 925 1951 sq.):

320 1980 492 2032 „Credo
526 1981 675 2023 hercle
707 1982 951 2024 adveniens
984 1995 1147 2023 nomen
1178 1982 1375 2024 mutabit
1406 1983 1519 2024 1111111

317 2054 560 2109 Facietque
582 2054 807 2110 extemplo
828 2054 1115 2097 Crucisalum
1134 2070 1203 2098 me
1221 2070 1273 2097 ex
1293 2055 1566 2111 Chrysalo“:

202 2128 462 2184 pariterque
480 2128 679 2170 minatur
696 2129 898 2171 Libanus
917 2142 1134 2171 conservo
1151 2130 1296 2183 (Asin.
1308 2145 1346 2172 v.
1364 2134 1445 2173 373
1461 2135 1565 2186 sq.):

319 2208 509 2259 „Hercle
541 2221 646 2250 vero
675 2211 724 2250 tu
747 2209 927 2251 cavebis
949 2223 1004 2251 ne
1026 2223 1095 2250 me
1120 2210 1334 2266 attingas,
1367 2211 1406 2252 si
1427 2212 1565 2266 sapis,

314 2282 380 2323 Ne
412 2282 545 2323 hodie
582 2281 703 2323 malo
741 2296 843 2324 011111
876 2283 1081 2338 auspicio
1120 2297 1283 2325 nomen
1318 2288 1566 2326 commuta-

1345 2360 1505 2402 veris.“

316 2437 537 2479 Similiter
558 2439 770 2493 ambigue
793 2437 924 2481 Sosia
955 2441 998 2480 et
1026 2439 1072 2480 in
1096 2440 1250 2481 eadem
1279 2442 1406 2481 actus
1429 2440 1565 2494 primi

203 2524 364 2553 scaena
396 2511 535 2567 longa
567 2515 609 2554 et
631 2513 677 2554 in
699 2512 880 2555 fabulae
911 2513 1120 2568 partibus
1153 2514 1256 2555 aliis
1289 2514 1469 2569 saepius
1501 2514 1565 2555 io-

203 2589 342 2627 catur.
406 2587 474 2627 Ac
506 2586 700 2640 legimus
732 2600 771 2627 V.
806 2591 906 2629 344:
