1835 2990
838 163 890 204 33

295 286 431 339 „Sed,
480 287 666 337 mulier,
714 290 959 342 postquam
992 286 1311 342 experrecta's,
1359 290 1401 329 te
1445 302 1548 343 pro-

1201 362 1361 417 digiali
1392 363 1491 404 Iovi

294 438 389 479 Aut
435 436 555 478 mola
602 436 724 478 salsa
772 436 906 478 hodie
959 438 1038 477 aut
1084 439 1182 477 ture
1232 438 1547 491 conprecatam

1244 511 1487 565 Ο1)01·ῒ111’[.α

293 584 426 626 Sosia
471 598 592 635 erae,
641 598 777 639 quam
823 598 862 626 v.
903 587 984 627 738
1031 585 1332 627 somniavisse
1379 585 1544 639 arguit,

179 659 350 710 suadet,
389 660 440 700 ut
471 660 734 713 experrecta
764 658 863 700 Iovi
896 658 1144 714 11›rodigiali
1176 658 1345 700 salsam
1377 658 1544 700 molam

180 733 259 773 aut
288 734 361 774 tus
394 731 566 783 offerat,
614 746 669 773 ne
714 732 943 774 somnium
981 733 1153 773 evadat.
1214 733 1289 774 Ad
1322 732 1546 774 Romano-

177 819 277 848 rum
310 808 457 847 autem
492 819 563 847 res
597 806 775 848 divinas
798 805 1058 847 referendae
1081 808 1188 848 sunt
1210 819 1361 849 voces:
1397 807 1545 858 „mola

178 879 326 922 salsa“
360 880 420 934 (v.
446 880 558 932 740).
611 880 817 935 Namque
850 880 971 935 apud
994 893 1070 922 eos
1102 880 1225 922 salsa
1246 881 1381 932 mola,
1416 881 1543 923 (filius

178 954 515 1009 componendae
546 954 767 995 rationem
803 953 986 996 Servius
1021 955 1094 1008 (ad
1116 955 1250 1009 Verg.
1283 955 1378 997 Ecl.
1403 958 1440 1006 S,
1474 958 1543 1006 82>

178 1028 520 1070 accuratissime
552 1028 806 1083 descripsit,
854 1028 1031 1070 hostiae
1070 1030 1321 1071 caedendae
1359 1042 1543 1085 sparge-

177 1103 354 1144 bantur.
406 1102 559 1144 Etiam
591 1103 797 1144 homines
831 1103 1020 1144 somniis
1053 1104 1187 1145 malis
1219 1104 1367 1145 territi
1394 1104 1440 1145 in
1473 1117 1542 1145 sa-

176 1176 423 1219 crificando
456 1177 579 1219 mola
610 1177 732 1219 salsa
763 1179 1032 1219 utebantur:
1066 1178 1118 1220 cf.
1151 1178 1246 1220 Tib.
1271 1179 1305 1230 I,
1330 1182 1367 1230 5,
1395 1181 1539 1233 13:5⁴1:

293 1252 415 1307 „ipse
447 1253 693 1306 procuravi
724 1266 778 1293 ne
808 1255 995 1307 possent
1025 1266 1160 1295 saeva
1191 1266 1352 1295 nocere

289 1326 467 1368 somnia
498 1328 566 1367 ter
597 1329 755 1368 sancta
788 1327 1101 1368 deveneranda
1132 1328 1303 1380 mola“;

289 1401 433 1456 Lygd.
458 1400 539 1451 ΙΙΙ,
574 1403 612 1451 4,
647 1404 669 1443 9
689 1414 775 1455 sq:

289 1477 360 1527 „et
386 1477 542 1516 natum
565 1475 611 1516 in
635 1488 768 1517 curas
792 1475 1029 1517 hominum
1053 1489 1193 1530 genus
1217 1476 1369 1518 omina
1392 1478 1537 1519 noctis

285 1548 406 1590 farre
436 1549 512 1604 pio
545 1549 730 1604 placant
761 1551 803 1591 et
833 1549 1025 1591 saliente
1057 1550 1199 1601 sale“;

287 1623 477 1665 Martial
510 1627 547 1674 7,
581 1626 647 1675 54,
682 1627 725 1666 5:

288 1696 591 1752 „Consumpsi
624 1698 861 1754 salsasque
901 1699 1046 1741 molas
1086 1702 1128 1741 et
1160 1700 1275 1742 turis
1309 1704 1536 1743 acervos‘·.

284 1771 524 1813 Praeterea
546 1772 602 1813 ad
626 1773 939 1814 Romanorum
961 1774 1076 1815 ritus
1098 1774 1340 1829 religiosos
1363 1778 1537 1830 spectat

170 1846 444 1888 Vocabulum
476 1847 707 1901 quoddam
739 1848 862 1902 quod
894 1847 1090 1903 legimus
1125 1863 1162 1890 v.
1187 1852 1287 1891 776:

285 1923 386 1962 775:
694 1921 914 1974 »ῥυ-(1030,
949 1922 1058 1977 quin
1091 1925 1140 1964 tu
1171 1923 1318 1965 istanc
1350 1924 1478 1966 iubes

281 1993 370 2035 Pro
403 1994 568 2036 cerrita
599 1994 938 2037 circumferrffl?

283 2067 537 2110 Alcumena
570 2070 688 2110 enim
719 2069 925 2125 professa
956 2083 1003 2112 se
1034 2084 1060 2112 a
1093 2071 1285 2127 coniuge
1321 2073 1414 2114 iam
1457 2086 1534 2128 pa-

171 2143 314 2182 teram
346 2154 531 2183 auream
563 2143 803 2197 accepisse,
838 2143 989 2195 Sosia,
1022 2145 1101 2200 qui
1134 2146 1335 2188 cistellae
1365 2147 1412 2188 in
1444 2161 1532 2202 qua

168 2214 297 2256 illam
327 2216 475 2258 inesse
505 2219 650 2272 putat,
698 2218 882 2273 signum
915 2219 1143 2274 integrum
1176 2233 1273 2262 esse
1306 2222 1532 2276 cognovit,

169 2302 295 2330 erum
326 2289 592 2345 interrogat,
641 2305 722 2333 cur
767 2305 955 2334 uxorem
999 2306 1083 2348 pro
1132 2294 1297 2335 cerrita
1342 2295 1533 2337 circum-

168 2361 289 2414 ferri,
321 2363 349 2404 i.
374 2378 407 2405 e.
442 2378 494 2405 ex
526 2366 618 2406 ritu
651 2368 693 2407 et
724 2367 1048 2421 superstitione
1070 2370 1218 2409 vetere
1251 2381 1381 2410 sacro
1414 2368 1531 2411 facto

168 2437 358 2491 purgari
389 2439 432 2479 et
462 2438 670 2490 lustrari,
703 2452 794 2481 non
825 2440 991 2482 iubeat.
1054 2440 1155 2482 Vox
1189 2441 1529 2492 „circumferi-&⁶

168 2513 235 2552 est
270 2511 458 2553 verbum
498 2512 758 2567 pontificale
796 2516 931 2568 atque
971 2528 997 2555 a
1034 2515 1336 2569 scriptoribus
1369 2516 1531 2558 Roma-

166 2595 329 2625 norum
381 2584 674 2627 lustrationes
725 2586 965 2629 sollemnes
1023 2588 1386 2632 describentibus
1438 2603 1532 2632 sae-
