1835 2990
914 149 1045 208 (31-

376 274 502 327 „Ego
535 272 611 327 pol
643 271 771 313 illum
804 271 1001 313 ulciscar
1031 270 1165 312 hodie
1198 270 1465 312 Thessalum
1497 283 1626 311 vene-

1419 343 1569 395 ficum,

375 421 454 475 qui
476 433 689 475 pervorse
720 418 1007 474 perturbavit
1027 418 1228 459 familiae
1259 422 1451 458 mentem
1477 423 1626 458 meae*

264 496 468 539 afferam,
529 495 609 536 ubi
666 497 797 548 poeta
856 493 1115 547 opinionem
1169 492 1397 546 (mandam
1450 491 1505 532 ad
1556 504 1627 532 res

262 570 465 625 privatas
512 569 811 623 pertinentem
857 567 1069 621 respexit,
1116 580 1231 620 quae
1268 565 1479 607 similiter
1509 565 1631 619 apud

263 648 506 698 utriunque
536 642 756 697 populum
788 644 956 695 vagata
987 643 1094 681 erat.

379 718 657 773 Amphitruo
691 716 809 757 enim
841 728 1020 757 summa
1056 715 1127 756 ira
1157 714 1369 755 incensus
1401 716 1629 755 auctorem

267 793 469 835 onmium
521 805 673 833 rerum
726 790 849 832 domi
911 791 1161 844 gestarum,
1224 801 1336 842 quas
1387 788 1484 841 ipse
1534 801 1632 843 per-

267 867 440 922 spicere
471 879 561 908 non
592 865 804 920 potuerit,
839 864 1043 905 nominat
1072 862 1322 903 veneficum
1354 875 1375 901 e
1398 861 1629 903 Thessalia

268 941 524 989 oriundum,
559 940 687 982 cuius
711 938 883 980 incolas
905 936 1226 978 veneficiorum
1249 939 1291 977 et
1322 936 1629 977 cantationum

269 1016 471 1057 omnium
503 1014 643 1056 fuisse
664 1013 968 1068 peritissimos
991 1013 1161 1052 veteres
1191 1010 1279 1052 sibi
1300 1012 1633 1064 persuaserant.

268 1092 337 1132 Ac
368 1088 555 1130 venefici
576 1087 782 1129 Thessali
815 1089 934 1128 artes
957 1086 1159 1140 magicas
1190 1084 1386 1126 colentes
1408 1084 1634 1138 imprimis

269 1164 433 1219 pocula
492 1162 716 1204 amatoria
776 1173 968 1215 coquere
1033 1171 1167 1214 posse
1236 1158 1504 1199 dicebantur
1563 1157 1632 1211 (cf.

271 1238 430 1280 Horat.
457 1238 528 1279 od.
558 1241 591 1287 1,
617 1239 681 1287 27,
708 1239 744 1286 2,
777 1235 856 1289 qui
883 1234 1092 1275 universe
1113 1232 1318 1287 loquitur
1339 1232 1392 1273 de
1414 1233 1636 1287 portentis

273 1313 504 1355 Thessalis
537 1312 684 1366 (epist.
710 1314 747 1361 2,
781 1314 818 1362 2,
852 1311 967 1363 209).
1021 1308 1223 1350 Maxime
1262 1308 1413 1348 autem
1443 1306 1639 1348 inclutae

271 1390 400 1429 erant
432 1400 570 1441 sagae
600 1385 856 1434 Thessalae,
904 1397 1020 1439 quae
1067 1396 1169 1425 cum
1216 1382 1358 1423 multa
1389 1381 1479 1422 alia
1511 1394 1640 1422 vene-

272 1460 387 1503 ficiis
435 1461 529 1502 suis
577 1458 750 1501 efficere
796 1460 892 1499 tum
939 1457 1092 1499 lunam
1142 1458 1196 1498 de
1243 1456 1365 1498 caelo
1405 1455 1639 1496 detrahere

273 1548 407 1590 posse
452 1535 733 1589 putabantur
780 1531 850 1581 (cf.
892 1531 1003 1573 Hor.
1049 1531 1175 1585 epod.
1211 1534 1247 1578 5,
1280 1534 1354 1580 453
1402 1529 1637 1583 Aristoph.

274 1611 390 1651 Nub.
427 1613 526 1654 7453:
564 1608 677 1649 Plat.
703 1607 841 1662 Gorg.
877 1609 957 1648 513
990 1606 1044 1647 A.
1079 1605 1173 1658 al.):
1209 1617 1260 1645 ac
1290 1603 1493 1645 fabulam
1526 1616 1641 1657 quae

277 1682 466 1736 Θετταλῂ
506 1683 786 1733 inscribitur,
819 1681 1068 1724 Menander
1106 1679 1374 1734 composuit,
1412 1691 1503 1732 qua
1534 1677 1642 1732 quid

276 1758 594 1801 contineretur,
627 1756 802 1797 Plinius
837 1752 984 1806 (H.'N.
1011 1757 1076 1804 30,
1101 1756 1142 1807 2)
1175 1753 1390 1794 narravit.

391 1831 620 1884 Quoniam
666 1830 809 1885 igitur
855 1829 909 1870 de
954 1829 1011 1870 iis
1057 1828 1171 1869 locis
1219 1826 1425 1877 disserui,
1477 1826 1642 1880 quibus

277 1920 392 1963 quae
416 1908 843 1955 commemorantur,
875 1917 955 1959 per
976 1916 1023 1945 se
1054 1903 1156 1957 ipsa
1179 1904 1221 1943 et
1252 1902 1308 1942 ad
1330 1901 1642 1942 Romanorum

279 1988 321 2024 et
352 1982 409 2023 ad
441 1981 721 2023 Graecorum
751 1979 893 2020 vitam
924 1978 1152 2032 privatam
1184 1975 1407 2030 pertinere
1439 1975 1642 2029 possunt,

278 2070 400 2097 1111110
450 2068 585 2110 agam
637 2055 690 2095 de
739 2054 817 2104 iis,
874 2053 955 2094 ubi
1004 2051 1116 2092 talia
1167 2049 1433 2099 afferuntur,
1491 2047 1647 2103 qualia

280 2130 518 2184 utriusque
549 2128 708 2183 populi
735 2128 781 2168 in
815 2127 908 2168 vita
931 2125 1114 2181 publica
1144 2125 1191 2166 in
1213 2136 1299 2165 usu
1332 2124 1477 2164 erant:
1511 2124 1646 2176 atque

279 2204 498 2258 incipiam
529 2217 555 2244 a
586 2204 720 2245 rebus
753 2202 811 2243 ad
842 2201 1106 2255 religionem
1141 2198 1464 2253 spectantibus.

396 2278 649 2320 Alcumena
695 2290 721 2317 a
768 2276 960 2329 coniuge
1006 2274 1282 2321 discessura,
1329 2284 1432 2313 cum
1477 2269 1646 2311 nullius

282 2352 371 2394 sibi
403 2351 561 2406 culpae
600 2350 782 2392 conscia
813 2349 885 2399 sit,
933 2348 1175 2390 comitibus
1209 2347 1265 2388 ab
1312 2358 1362 2387 eo
1396 2344 1513 2386 datis
1560 2343 1649 2385 sibi

283 2438 397 2480 opus
420 2438 515 2466 esse
544 2426 692 2479 negat,
725 2423 833 2478 quia
854 2421 1129 2463 Pudicitiam
1162 2421 1291 2461 deam
1319 2432 1471 2461 secum
1494 2418 1647 2459 ducat:

397 2513 436 2539 v.
471 2501 572 2541 930:
607 2497 847 2549 „comitem
880 2496 992 2537 mihi
1023 2495 1297 2536 Pudicitiam
1330 2494 1542 2534 duxero&

417 2573 571 2614 {omae
603 2571 855 2613 Pudicitiae
887 2573 931 2611 et
961 2569 1181 2625 patriciae
1213 2568 1325 2621 (Liv.
1353 2570 1416 2617 10,
1441 2570 1506 2617 23,
1532 2566 1573 2618 5)
1607 2568 1649 2606 et
