1835 2990
149 291 192 331 et
223 303 261 330 v.
290 292 415 332 1033:

265 362 405 415 „Cum
439 363 643 405 cruciatu
675 364 752 403 tuo
785 363 925 404 istaec
971 362 1125 407 hodie,
1173 374 1329 412 verna,
1376 362 1516 403 verba

1214 429 1456 471 funditasf‘v

264 504 327 548 Cf.
363 504 463 547 Cas.
489 507 589 548 300:
625 518 806 559 „pereas
840 504 1044 546 cruciatu
1076 504 1244 554 malo&c

260 580 392 635 Epid.
417 582 518 622 513:
554 579 700 630 „malo
734 579 940 621 cruciatu
971 583 1176 633 pereas“:

262 654 367 696 Aul.
401 656 502 696 459:
538 653 639 705 „abi
670 653 717 694 in
749 653 918 695 malum
953 653 1230 694 cruciatum“
1265 652 1320 693 al.

263 728 453 770 Plautus
484 728 628 783 igitur
658 729 708 769 ut
740 727 1051 769 condicionem
1085 739 1318 768 servorum
1351 727 1517 768 Roma-

148 815 311 844 norum
341 803 388 844 in
421 803 506 844 hac
536 801 692 844 fabula
714 815 803 843 non
828 802 965 844 semel
988 801 1185 856 respicit³
1218 801 1283 842 ita
1315 801 1372 842 ad
1401 801 1516 843 alias

149 890 329 932 quoque
360 890 431 919 res
470 877 527 918 ad
563 876 856 931 poluilarium
895 876 1095 917 rationes
1142 876 1346 930 privatas
1393 888 1517 930 spec-

148 953 296 992 tantes
329 951 510 1005 saepius
543 950 718 992 alludit.

264 1027 332 1066 Ac
371 1025 481 1067 dicit
517 1027 693 1080 partem
725 1025 955 1079 quandam
994 1024 1172 1065 aedium
1206 1024 1516 1065 Romanarum

149 1113 189 1140 V.
218 1102 324 1142 1107
348 1112 428 1154 sq,
475 1099 555 1142 ubi
593 1099 781 1140 Bromia
819 1098 985 1140 ancilla,
1031 1100 1201 1149 narrat,
1241 1112 1356 1153 quae
1402 1098 1520 1139 mira

151 1173 349 1215 Hercule
380 1175 512 1228 parto
544 1173 591 1214 in
623 1172 976 1227 Amphitruonis
1020 1172 1209 1214 aedibus
1249 1174 1376 1227 gesta
1408 1172 1517 1214 sint:

665 1249 933 1302 „postquam
965 1247 1011 1288 in
1046 1259 1184 1288 cunas
1219 1246 1460 1297 conditust,

266 1322 518 1373 „Devolant
556 1334 726 1376 angues
759 1321 906 1363 iubati
939 1321 1152 1362 deorsum
1182 1320 1230 1362 in
1261 1320 1519 1375 inpluvium

1329 1389 1458 1430 duo.“

270 1464 355 1508 Cui
386 1465 486 1506 loco
519 1464 782 1507 simillimus
816 1466 883 1506 est
914 1464 1011 1505 Ter.
1046 1464 1227 1505 Phorm.
1262 1476 1300 1503 v.
1326 1465 1426 1505 707:

269 1540 462 1594 „anguis
494 1553 574 1594 per
605 1539 862 1594 inpluvium
896 1538 1064 1580 decidit
1096 1538 1149 1579 de
1180 1537 1389 1592 tegnlis&

266 1614 368 1656 Hoc
408 1614 552 1668 igitur
593 1613 822 1668 Amphitr.
865 1625 999 1654 versu
1040 1611 1356 1666 inpluvimn‚¹)
1399 1611 1520 1665 quod

152 1690 248 1730 erat
299 1688 521 1729 atriorum
574 1688 884 1729 Romanorum
936 1699 1062 1741 pars,
1125 1687 1521 1736 commemoratur,

152 1775 429 1817 quamquam
461 1763 594 1817 poeta
626 1762 679 1803 de
709 1760 1062 1815 Amphitruonis
1091 1759 1295 1801 Thebani
1332 1759 1521 1801 aedibus

150 1837 366 1892 loquitur.
428 1836 563 1878 Recte
600 1837 763 1885 autem,
801 1835 849 1876 ni
884 1834 1031 1886 fallor,
1070 1834 1413 1888 Ostermeyerus
1451 1833 1523 1886 (de

152 1911 348 1953 historia
376 1909 575 1953 fabulari
607 1910 654 1951 in
690 1909 937 1951 comoediis
961 1909 1186 1950 Plautinis
1220 1908 1327 1950 diss.
1366 1908 1521 1960 inaug.

153 1984 412 2040 Gryphisw.
464 1987 572 2027 1884
617 1999 658 2039 p.
693 1986 768 2036 57)
821 1986 972 2025 censet
1025 1996 1150 2025 voce:
1212 1981 1520 2037 „inpluvium“

153 2059 209 2101 ad
240 2059 551 2101 Romanorum
586 2058 771 2113 ingenia
814 2058 1159 2100 accommodata
1202 2070 1300 2097 eam
1341 2056 1522 2097 aedium

153 2133 431 2176 Graecarum
479 2135 653 2188 partem
702 2132 954 2188 designari,
1001 2145 1116 2187 quae
1161 2129 1407 2184 περίστυλος
1452 2128 1523 2170 vel

152 2205 259 2261 αὐλὴ
291 2205 536 2262 περίστυλος
562 2231 615 2235 —-
644 2206 671 2247 i.
696 2220 729 2247 e.
764 2205 870 2248 aula
902 2205 1125 2248 columnis
1158 2204 1441 2246 circumdata
1469 2227 1522 2232 —-

153 2283 315 2324 vocata
346 2281 431 2323 sub
464 2280 568 2322 divo
601 2280 672 2322 sit.

267 2354 410 2396 Porro
444 2368 481 2394 v.
506 2357 607 2396 459:

273 2428 414 2480 „Vivo
464 2427 534 2479 fit,
582 2428 702 2482 quod
750 2440 999 2482 numquam
1051 2427 1297 2481 quisquam
1342 2426 1524 2466 mortuo

1157 2494 1293 2537 faciet
1324 2492 1464 2534 inihr‘

271 2604 300 2648 ¹)
326 2604 370 2639 cf.
397 2604 473 2639 Mil.
500 2605 576 2639 159.
603 2605 679 2638 175.
704 2604 782 2638 ⁶287.
807 2603 886 2638 340.
910 2604 987 2637 55:13.
1015 2602 1119 2646 Epid.
1144 2603 1222 2636 223.
