1799 2990
273 823 593 884 Perlustranti
644 842 755 883 mihi
807 855 921 897 quae
973 842 1061 883 viri
1107 842 1228 883 docti
1275 842 1423 883 adhuc
1469 842 1522 882 de

155 916 318 958 Plauto
370 916 555 971 eiusque
604 915 772 958 fabulis
819 916 1118 971 scripserunt,
1170 929 1285 957 unus
1334 928 1520 970 campus

155 1004 295 1046 paene
341 991 465 1032 omni
511 990 635 1032 cultu
680 991 861 1032 Videtur
906 1004 1078 1032 vacare.
1142 991 1259 1031 Nam
1304 991 1518 1045 perpauci

155 1064 412 1106 accuratius
458 1065 714 1119 perspicere
761 1065 911 1106 conati
957 1066 1081 1115 sunt,
1135 1077 1356 1119 quaenam
1404 1063 1520 1104 ratio

155 1138 317 1180 Plauto
351 1152 450 1181 cum
474 1139 531 1180 iis
565 1138 750 1180 comicis
774 1137 960 1180 Graecis
983 1139 1292 1189 intercederet,
1325 1151 1519 1193 quorum

153 1212 333 1255 fabulas
365 1215 416 1254 ut
445 1213 716 1264 imitaretur,
750 1213 839 1255 sibi
870 1215 1182 1267 proposuerat.
1236 1213 1295 1253 Et
1325 1212 1371 1253 111
1402 1212 1520 1253 hanc

153 1301 262 1330 sane
299 1288 611 1343 quaestionem
656 1301 710 1329 ne
747 1287 996 1342 plurimum
1043 1301 1205 1342 operae
1239 1289 1519 1337 consumant,

153 1362 286 1404 multi
332 1362 548 1404 deterreri
584 1364 789 1417 possunt,
837 1375 939 1404 cum
986 1361 1101 1403 nihil
1146 1374 1241 1404 esse
1289 1360 1519 1403 difficilius

153 1436 373 1488 videatur,
421 1449 558 1491 quam
605 1450 626 1478 e
671 1436 878 1491 pauculis
924 1435 1199 1477 comicorum
1240 1434 1518 1477 Graecorum

151 1510 421 1566 fragmentis
468 1510 685 1559 conicere,
733 1510 962 1564 quomodo
1009 1509 1199 1551 Plautus
1243 1509 1519 1564 exemplaria

154 1584 328 1628 Graeca
377 1586 556 1627 secutus
608 1584 678 1625 sit.
764 1584 924 1639 Itaque
975 1584 1031 1626 iis
1082 1584 1161 1639 qui
1212 1586 1361 1626 tamen
1414 1584 1520 1625 huic

153 1660 409 1715 quaestioni
451 1672 634 1714 operam
672 1659 794 1710 dant,
842 1672 1020 1701 summa
1066 1659 1216 1701 cautio
1263 1659 1517 1702 adhibenda

154 1736 231 1776 est.
295 1733 429 1786 Quod
475 1733 508 1774 ii
554 1733 764 1774 videntur
808 1733 1074 1787 neglexisse,
1121 1733 1201 1788 qui
1246 1736 1427 1788 poetam
1467 1747 1519 1774 ex

152 1806 369 1862 exemplis
392 1806 559 1848 Atticis
587 1819 814 1861 perpauca
836 1807 1085 1861 sumpsisse
1118 1807 1348 1857 clixe1·u11t;
1382 1820 1517 1862 quam

152 1882 420 1924 sententiam
452 1883 632 1936 praeter
662 1880 926 1934 Rostium,¹)
966 1879 1017 1922 G.
1050 1881 1363 1936 Koepki111n,2)
1396 1880 1516 1923 Guil.

153 1955 515 2009 A.Beckerum3)
538 1954 764 2008 imprimis
788 1953 839 1996 G.
864 1956 918 1996 A.
943 1952 1252 1997 Schroederus
1263 1955 1294 2007 ⁴)
1321 1955 1519 1996 defendit

151 2028 383 2084 professus
418 2027 724 2080 „Sarsinatem
753 2041 843 2069 non
865 2041 1049 2083 passum
1073 2041 1169 2070 esse
1191 2029 1238 2070 in
1271 2029 1516 2071 comoediis

267 2166 294 2210 ¹)
331 2166 500 2210 Opuscul.
528 2167 557 2202 1,
592 2166 609 2199 1
637 2177 729 2208 sqq.:
771 2166 833 2206 „de
858 2165 982 2200 Plauti
1008 2166 1224 2200 auctoritate
1250 2166 1294 2199 ad
1319 2165 1520 2200 faciendam

151 2234 270 2259 rerum
295 2223 525 2266 antiquarum
549 2222 684 2257 fidem.“

266 2281 290 2323 2)
330 2280 503 2315 Zeitschr.
529 2280 554 2314 f.
580 2280 884 2315 Altertumswiss.
912 2281 1000 2314 1835
1025 2280 1068 2315 N.
1090 2281 1154 2314 153
1170 2292 1244 2323 sqq.

265 2338 293 2380 3)
333 2338 408 2379 „De
464 2337 604 2371 comicis
653 2338 897 2371 Romanorum
950 2337 1083 2372 fabulis
1137 2337 1290 2371 maxime
1337 2337 1517 2371 Plautinis

152 2395 399 2439 quaestiones“
450 2394 549 2438 Lips.
592 2395 679 2428 18:37
728 2399 779 2428 et:
832 2394 1028 2434 „vindiciae
1068 2394 1266 2429 comoediae
1313 2394 1515 2428 Romanae·

150 2453 232 2487 ibid.
262 2452 359 2486 1837.

264 2509 291 2553 4)
329 2509 406 2549 „De
437 2508 610 2543 Romanis
642 2508 798 2542 moribus
830 2507 1005 2551 palliatae
1034 2507 1198 2542 fabulae“
1234 2508 1374 2542 dissert.
1407 2507 1515 2541 tertia

150 2577 269 2610 progr.
295 2565 401 2600 schol.
429 2565 679 2599 Marienwerd.
707 2565 804 2599 1853.
