1835 2990
877 152 899 189 :3
908 153 928 191 T

222 277 368 319 solum
401 276 625 318 militibus
648 275 834 330 peperit.
883 276 1007 329 Ergo
1030 275 1163 329 poeta
1186 273 1364 314 videtur
1386 271 1586 312 alludere

222 351 278 392 ad
325 351 635 392 Romanorum
686 362 855 390 morem
907 349 1074 389 milites
1120 348 1315 389 victores
1361 345 1586 387 frumento

223 425 294 467 vel
326 425 497 475 adoria,
530 424 576 465 id
610 426 676 465 est
706 423 800 465 libo
834 437 887 464 ex
919 423 1057 464 adore
1087 422 1219 471 facto,
1254 419 1465 462 donandi.

334 499 466 540 Nune
497 511 602 539 vero
639 498 891 539 locutiones
929 498 987 538 ad
1019 498 1329 538 Romanorum
1366 508 1438 535 res
1471 493 1588 534 mili-

221 575 341 614 tares
386 573 660 627 pertinentes
706 574 757 613 ut
802 585 1075 621 enumerem,
1128 585 1166 612 V.
1216 573 1296 612 222
1345 570 1589 611 occurrunt

223 647 359 688 verba
400 647 528 687 trita:
583 646 809 701 „legiones
851 646 1116 693 instrum-022,
1168 658 1283 699 quae
1324 642 1587 697 saepissime

222 721 343 775 apud
382 718 621 762 Gaesarem
671 720 876 774 aliosque
922 733 1072 761 rerum
1120 719 1431 760 Romanarum
1477 716 1587 759 sori—

220 797 373 849 ptores
395 794 595 835 redeunt.
639 794 874 835 Praeterea
897 793 1083 835 afferam
1105 792 1238 834 illud:
1265 792 1445 842 „sedere
1467 792 1587 846 apud

219 869 399 910 hostes“
425 869 481 921 (v.
503 871 615 920 599),
640 869 692 910 de
716 882 806 923 qua
827 868 1054 910 locutione
1079 868 1245 909 usitata
1263 867 1586 908 Taubmannus

220 942 440 983 nonnulla
457 942 632 993 attulit:
666 943 873 997 equidem
898 943 1006 984 haec
1031 941 1235 996 exempla
1258 941 1442 982 addam:
1475 941 1583 995 Nep.

220 1016 398 1058 Datam.
431 1019 475 1068 ὃς
508 1017 675 1058 Lucan.
700 1017 758 1067 H,
792 1020 893 1059 474:
926 1017 1021 1058 Liv.
1048 1020 1155 1065 2,12.

334 1090 475 1132 Porro
507 1091 722 1146 leguntur
753 1105 792 1132 v.
827 1095 909 1134 414
942 1091 1053 1132 haee
1084 1092 1242 1132 verba:

336 1167 406 1215 „et
436 1164 637 1220 legiones
662 1165 963 1208 Teloboarum
995 1166 1040 1206 vi
1072 1165 1319 1220 pugnando
1343 1164 1583 1218 cepiinus.“

335 1236 400 1280 Cf.
436 1239 564 1280 Asin.
600 1242 701 1282 555:

338 1313 421 1361 „Vi
452 1314 700 1368 pugnando
731 1314 944 1369 periuriis
978 1313 1148 1355 nostris
1180 1314 1314 1368 fugae
1345 1312 1518 1367 pontin<

333 1388 450 1429 Men.
488 1391 607 1431 1036.
642 1389 738 1430 Mil.
775 1391 867 1431 267.
904 1388 994 1430 Cio.
1029 1389 1086 1429 ad
1117 1388 1256 1429 famil.
1293 1388 1344 1438 V7
1379 1387 1486 1429 lOb:

336 1476 441 1509 „sex
474 1463 643 1518 oppida
675 1464 720 1505 vi
752 1464 1059 1518 oppugnando
1093 1464 1334 1518 eepimusf‘

333 1537 465 1578 Adde
497 1538 617 1591 quod
657 1551 697 1577 v.
734 1541 832 1579 196:

335 1612 409 1661 „ut
470 1610 662 1665 gesserit
721 1624 816 1652 rem
876 1611 1104 1665 publicam
1165 1611 1318 1661 ductu,
1378 1610 1585 1665 imperio,

1158 1686 1364 1741 auspicio
1396 1691 1528 1737 suo“;

335 1760 378 1800 et
407 1771 447 1799 v.
483 1761 584 1801 657:

334 1832 451 1883 „Eos
489 1833 695 1887 auspicio
728 1847 827 1875 meo
864 1836 998 1889 atque
1022 1834 1248 1889 [in]duetu
1271 1834 1419 1889 primo
1452 1837 1582 1876 coetu

1307 1909 1526 1950 vieimus“

215 1978 439 2021 formulae
470 1979 593 2022 illius
617 1981 872 2022 cotidianae
893 1982 1061 2023 mentio
1084 1981 1146 2034 fit,
1180 1996 1317 2038 quain
1340 1983 1584 2037 seript(i›res

216 2052 433 2105 Romani,
487 2056 536 2095 ut
579 2054 872 2110 designarent
917 2055 1103 2111 aliquod
1149 2056 1320 2098 bellum
1368 2057 1584 2111 auspiciis

216 2125 349 2169 factis
372 2130 634 2183 susceptum
657 2142 766 2181 esse,
789 2130 1054 2185 saepissime
1075 2134 1327 2185 posuerunt
1357 2130 1427 2182 (of.
1450 2131 1582 2185 Epid.

218 2202 312 2243 343.
347 2203 450 2253 3813
497 2201 611 2244 Plin.
646 2217 686 2244 n.
722 2204 762 2245 h.
797 2207 834 2255 3,
869 2207 934 2255 24,
969 2208 1011 2255 43
1059 2204 1179 2247 Suet.
1213 2207 1332 2259 Aug.
1367 2208 1440 2253 213
1480 2205 1581 2247 Tao.

218 2275 383 2316 Annal.
419 2278 455 2326 2,
488 2281 563 2321 41:
596 2277 691 2318 Liv.
727 2281 793 2328 41,
827 2280 899 2324 ⁶28:
934 2278 979 2321 C.
1015 2279 1047 2320 I.
1081 2280 1130 2321 L.
1169 2280 1203 2331 Ι,
1238 2283 1332 2322 541.
1367 2282 1461 2322 542.
1496 2279 1582 2332 al).

217 2348 371 2403 Neque
404 2350 523 2391 enim
551 2350 746 2392 Romani
778 2352 867 2394 nisi
899 2353 1135 2408 auspicato
1169 2353 1336 2395 bellum
1370 2354 1587 2408 gerebant

219 2421 290 2472 (cf.
341 2421 432 2465 Cic.
481 2425 535 2465 de
582 2426 718 2467 divin.
766 2427 801 2476 Ι,
850 2431 887 2477 2,
935 2430 979 2478 33
1032 2428 1177 2470 Plaut.
1225 2429 1347 2470 Pers.
1395 2442 1434 2469 v.
1483 2431 1584 2476 6063

217 2496 523 2551 Kesebergius
556 2498 583 2539 l.
618 2512 650 2541 s.
685 2512 718 2541 s.
752 2513 792 2555 p.
829 2501 888 2553 9).

332 2570 439 2611 Alia
461 2571 630 2614 locutio
653 2573 742 2615 hue
764 2575 994 2628 quadrans
1017 2577 1296 2617 memoratur
1327 2589 1366 2617 V.
1393 2578 1474 2618 '258
1498 2589 1582 2630 sq.:
