1835 2990
835 171 883 210 19

177 306 267 335 non
289 292 438 335 solum
459 293 683 334 maiorum
706 292 859 334 vultus
883 305 985 333 cera
1013 305 1264 346 expressos,
1297 294 1375 334 sed
1407 294 1543 336 etiam

177 367 322 423 ipsius
355 367 554 409 defuncti
584 367 831 421 imaginem
852 366 1135 421 praeferendi
1167 367 1239 420 (cf.
1265 366 1383 409 Suet.
1410 367 1541 423 Vesp.

181 444 252 493 193
285 441 380 482 Liv.
414 442 516 496 epit.
549 443 623 487 4&
656 441 766 482 Hor.
791 441 920 495 epod.
955 443 994 491 8,
1034 444 1100 491 113
1133 441 1291 495 Polyb.
1326 444 1363 492 (³5,
1398 444 1464 493 53,
1498 445 1542 494 63

181 513 271 558 Cic.
305 516 358 557 de
395 517 506 557 orat.
549 515 607 566 II,
647 517 712 566 55,
753 517 834 557 225
868 515 947 567 al.)
1025 513 1231 566 Quocum
1278 515 1377 557 loco
1425 529 1544 558 com—

178 589 410 644 parandus
443 591 509 631 est
539 589 736 631 Mostell.
770 603 808 630 v.
844 592 924 630 427
949 602 1035 644 sq.:

294 679 473 731 „Ludos
507 692 589 735 ego
622 679 756 721 hodie
790 680 891 721 vivo
924 680 1152 734 praesenti
1184 680 1290 721 huic
1323 680 1420 722 seni

292 753 498 796 Faciam:
531 754 652 809 quod
686 754 818 796 credo
851 756 1032 795 mortuo
1064 766 1313 808 numquam
1344 752 1479 796 f01·e.“

294 843 442 887 Simili
487 845 588 887 ioco
635 845 850 900 ambiguo
904 859 957 886 ac
1002 845 1185 886 scurrili
1232 844 1363 886 Sosia
1408 846 1544 887 etiam

180 932 303 961 eram
338 919 511 961 irridet.
573 919 825 961 Alcumena
871 920 990 960 enim
1036 919 1132 960 eius
1170 919 1465 974 protervitate
1503 923 1545 962 et

178 993 461 1048 impudentia
498 994 768 1035 exacerbata
806 1006 845 1034 v.
888 996 968 1035 721
998 1006 1062 1047 sq.
1111 992 1151 1034 ei
1195 993 1368 1034 malum
1413 994 1545 1035 mini-

179 1069 276 1109 tata
306 1069 421 1109 erat:

296 1141 490 1192 „Verum
540 1144 590 1183 tu
640 1141 813 1183 malum
859 1154 1078 1196 magnum
1126 1141 1328 1193 habebis,
1381 1142 1421 1184 si
1470 1143 1546 1185 hic

966 1228 1096 1256 suom
1128 1214 1328 1256 officium
1360 1214 1485 1257 facit:

293 1289 362 1332 Ob
412 1290 532 1332 istuc
587 1303 738 1342 omen,
802 1289 1049 1341 emin-ator,
1108 1289 1258 1344 capies
1323 1290 1444 1344 quod
1501 1292 1544 1332 te

1232 1364 1456 1406 condecet.
1466 1367 1485 1385 ‘⁴

293 1439 375 1481 Ille
406 1442 556 1481 autem
588 1452 730 1494 usque
763 1452 814 1480 eo
847 1438 1064 1480 audaciae
1086 1438 1391 1493 progreditur,
1424 1441 1475 1479 ut
1506 1439 1546 1480 ei

179 1525 309 1581 paria
339 1526 527 1580 paribus
558 1527 870 1566 remuneretur
901 1538 940 1565 v.
976 1526 1056 1566 723
1080 1536 1166 1579 sq.:

296 1611 443 1664 „enim
470 1624 576 1653 vero
598 1611 839 1666 praegnati
861 1612 1041 1665 oportet
1072 1612 1114 1651 et
1140 1609 1300 1651 malma
1323 1611 1366 1651 et
1386 1610 1545 1652 malum

1376 1684 1488 1736 dari,

293 1762 344 1802 ut
399 1760 521 1815 quod
583 1759 777 1802 obrodat
827 1758 899 1810 sit,
962 1758 1114 1800 animo
1177 1758 1216 1800 si
1275 1757 1393 1800 male
1449 1771 1545 1801 esse

1222 1832 1457 1887 occeperit.
1467 1835 1486 1853 ‘⁴

295 1907 382 1951 Sed
427 1922 482 1950 ne
518 1922 638 1950 nunc
683 1907 868 1963 quidem
914 1907 1150 1948 verniliter
1192 1906 1379 1948 ludendi
1417 1919 1546 1948 occa-

181 1983 354 2025 sionem
389 1983 712 2038 praetermittit
749 1985 933 2037 optans,
980 1983 1031 2023 ut
1071 1994 1173 2022 erae
1217 1982 1397 2035 praeter
1432 1980 1546 2022 illud

183 2057 406 2109 „malum“
440 2057 565 2099 aliud
605 2057 826 2108 „malum“
861 2057 1003 2107 detur,
1042 2056 1091 2097 id
1123 2058 1190 2097 est
1221 2068 1271 2096 ea
1302 2054 1418 2106 frUX,
1456 2068 1548 2109 qua

179 2131 391 2173 mulieres
423 2133 707 2187 praegnates,
747 2144 861 2186 quas
894 2130 1073 2172 animus
1106 2129 1362 2171 defecturus
1393 2128 1546 2170 videa-

179 2208 267 2257 tur,
299 2206 496 2247 recreari
527 2206 714 2247 soleant.
781 2207 926 2247 Antea
958 2206 1109 2246 autem
1144 2216 1268 2245 voce:
1319 2202 1543 2254 „malum“

181 2278 537 2336 significaverat:
573 2280 768 2332 „malam
799 2282 936 2321 re1n“.

295 2354 387 2395 Nec
423 2354 574 2396 minus
613 2353 826 2408 ambigue
865 2366 918 2395 ac
953 2351 1112 2394 festive
1148 2351 1420 2402 Mercurius,
1469 2351 1547 2406 qui

183 2427 339 2470 Sosiae
369 2427 518 2469 forma
543 2427 731 2469 indutus
764 2427 901 2467 etiam
937 2425 1033 2467 eius
1065 2426 1278 2466 naturam
1314 2437 1366 2466 ac
1397 2436 1546 2466 mores

181 2501 401 2554 imitatur,
432 2501 661 2543 interdum
692 2501 908 2556 loquitur.
970 2501 1040 2541 Ac
1071 2512 1110 2539 v.
1144 2501 1245 2541 353:

298 2577 387 2627 „At
417 2587 536 2617 nunc
567 2575 643 2617 abi
677 2588 797 2625 sane,
831 2573 1069 2616 advenisse
1099 2572 1350 2614 familiares
1379 2571 1544 2614 dicito“

1230 2651 1275 2685 2*
