1835 2990
787 146 836 186 31

137 285 246 324 „nec
275 284 346 312 me
382 270 459 312 ille
497 269 625 312 sierit
655 268 909 324 Iuppiter“;
949 266 1041 311 Cic.
1076 266 1207 310 Catil.
1232 268 1319 319 III,
1353 270 1391 318 9,
1425 269 1498 318 223

133 346 222 397 III,
259 348 328 397 12,
362 348 434 396 ⁴293
478 344 612 398 Verg.
646 344 757 384 Aen.
791 343 856 394 II,
896 345 997 393 7793
1047 341 1179 384 Corn.
1219 342 1329 396 Nep.
1370 341 1498 396 epist.

140 419 274 463 Corn.
313 420 407 473 (ed.
442 419 576 460 Roth.
609 431 650 473 p.
679 418 785 471 177)
817 417 913 459 Liv.
937 417 979 469 I,
1012 420 1078 468 24,
1113 418 1156 459 8:
1193 415 1294 468 „ille
1325 414 1505 470 Diespi-

134 496 249 546 ter“;
281 494 360 535 Th.
393 492 698 535 Hubricliius:
749 492 835 541 „de
881 491 977 533 deis
1014 490 1240 532 Plautinis
1273 489 1501 531 Terentia-

134 569 319 623 nisque“
355 567 462 609 diss.
495 567 649 621 inaug.
684 566 940 620 Regimont.
978 567 1086 607 1884
1118 579 1159 619 p.
1187 568 1250 606 14.

252 647 459 702 Denique
496 660 537 687 v.
573 649 657 689 450
679 659 744 700 sq.
798 645 921 687 Iovis
962 644 1211 700 Capitolini
1249 644 1500 700 quadrigae

137 735 357 764 commem
363 723 571 763 orantur:

500 800 790 856 „Quadrigas
822 800 861 841 si
893 813 1014 842 nunc
1044 799 1284 842 inscendas
1316 798 1441 840 Iovis

249 876 400 931 Atque
431 875 539 917 hinc
568 874 739 930 fugias,
785 874 851 916 ita
882 874 958 915 vix
996 873 1167 928 poteris
1206 872 1403 928 effugere
1433 872 1502 913 in-

1105 947 1384 989 fortunium“
1403 947 1442 1000 ¹).

248 1029 504 1072 Mercurius
537 1028 694 1072 Sosiae
726 1042 828 1071 cum
859 1029 1079 1084 impedire
1110 1028 1238 1079 velit,
1270 1041 1325 1069 ne
1357 1027 1501 1068 domi—

137 1117 221 1146 nae
253 1104 462 1160 coniugis
494 1104 693 1146 reditum
725 1104 913 1155 nuntiet,
947 1116 1109 1145 manus
1133 1115 1239 1144 suas
1261 1101 1502 1143 minaciter

135 1178 374 1220 intendens
421 1176 621 1219 affirmat
667 1191 769 1219 eum
823 1177 1033 1233 quamvis
1087 1176 1292 1219 celeriter
1340 1175 1502 1231 fugiat,

133 1253 285 1294 tamen
306 1253 496 1294 verbera
517 1265 607 1293 non
630 1251 925 1306 effugiturum
948 1264 1056 1293 esse.
1107 1250 1326 1294 Consulto
1350 1252 1502 1292 autem

135 1328 186 1368 ut
217 1326 461 1368 celeritatis
493 1327 678 1368 modum
712 1325 911 1377 definiat,
951 1325 1063 1367 dicit
1093 1325 1217 1366 Iovis
1250 1324 1500 1380 quadrigas

136 1400 347 1443 omnibus
398 1400 617 1442 Romanis
674 1401 952 1443 notissimas.
1038 1399 1217 1452 Quibus
1269 1399 1501 1454 quondam

134 1474 353 1516 Romanis
376 1487 403 1516 a
423 1474 690 1516 Veientibus
723 1473 956 1529 denegatis
990 1473 1094 1528 equi
1124 1473 1215 1528 ipsi
1237 1487 1338 1515 cum
1362 1487 1501 1515 curru

134 1547 328 1590 Romam
351 1548 604 1590 cucurrisse
635 1550 678 1589 et
708 1548 756 1589 in
780 1547 1008 1603 Capitolio
1031 1548 1214 1589 demum
1243 1547 1503 1589 constitisse

133 1622 413 1664 dicebantur.
468 1621 542 1675 (cf.
575 1622 694 1663 Fest.
718 1635 758 1677 p.
785 1624 883 1673 2743
918 1621 1034 1663 Plut.
1069 1621 1239 1663 Poblic.
1268 1624 1337 1673 133
1372 1620 1494 1663 Serv.

137 1696 194 1738 ad
225 1695 359 1750 Verg.
392 1697 505 1738 Aen.
531 1700 568 1747 7,
605 1698 703 1742 188:
750 1696 1057 1751 Kesebergius
1090 1696 1117 1737 1.
1142 1709 1176 1737 s.
1201 1709 1234 1737 s.
1269 1709 1309 1751 p.
1335 1698 1388 1739 23
1411 1709 1501 1751 sq.;

135 1769 420 1812 Hubrichius
451 1770 480 1812 1.
505 1783 538 1812 s.
563 1783 597 1812 s.
630 1784 671 1825 p.
697 1773 749 1813 22
773 1770 860 1824 sq).
922 1770 992 1811 Ex
1031 1783 1120 1825 quo
1159 1772 1363 1825 tempore
1394 1783 1503 1825 qua-

136 1843 296 1898 drigae
325 1844 373 1886 in
393 1844 554 1900 templi
577 1844 827 1900 Capitolini
847 1844 1034 1900 fastigio
1058 1844 1331 1886 constitutae
1360 1846 1500 1886 erant.

249 1923 428 1966 Pariter
458 1924 769 1966 Romanorum
817 1924 966 1966 cultus
1014 1924 1157 1965 divini
1194 1923 1384 1966 Plautus
1430 1938 1502 1966 ra-

137 1997 305 2039 tionem
338 1999 475 2040 habet
504 2012 544 2040 v.
570 2001 670 2042 272:

254 2076 427 2129 „Credo
451 2091 534 2133 ego
551 2079 637 2120 hac
654 2080 791 2120 noctu
803 2079 1087 2120 Nocturnum
1106 2078 1503 2131 obdorini<vi>sse

1227 2153 1444 2205 ebriuin“,

252 2300 278 2340 1)
312 2300 473 2334 Eandem
506 2300 722 2334 sententiam
753 2306 859 2344 poeta
890 2300 977 2335 Iove
1007 2311 1077 2334 non
1108 2299 1291 2334 nominato
1323 2299 1503 2334 simillime

138 2356 192 2391 bis
218 2356 375 2391 reddidit
400 2357 428 2389 A
439 2357 485 2389 ul.
514 2368 545 2389 v.
565 2359 647 2391 timo:

255 2414 377 2457 „Quod
404 2413 534 2455 iubent,
562 2413 641 2446 vilis
669 2413 855 2457 quadrigis
881 2413 987 2447 cit-ius
1012 2419 1178 2457 properet
1202 2413 1408 2457 persequff,

253 2474 288 2504 et
313 2470 416 2503 Asin.
446 2481 476 2503 v.
495 2470 561 2503 ‘Hs
581 2482 647 2512 sq:

254 2527 367 2567 „Nam
393 2526 422 2560 si
448 2526 527 2560 huic
554 2527 728 2560 (mensuali
753 2533 893 2570 tempus
921 2538 996 2561 sese
1023 2527 1303 2571 supterduxerit,

250 2583 454 2626 Numquam
480 2584 603 2627 edepol
628 2584 813 2629 quadrigis
839 2584 929 2618 albis
955 2584 1145 2628 indipiscet
1169 2586 1324 2628 postea.“
