1835 2990
248 267 305 309 ob
337 266 433 308 leve
471 266 688 308 delictum
726 267 1008 320 cogebantur
1041 279 1067 307 a
1100 264 1297 307 dominis
1336 264 1617 319 ignominiae

247 340 395 395 magis
428 353 565 395 quam
596 340 811 395 supplicii
843 353 981 382 causa
1014 340 1136 381 circa
1168 339 1342 381 vicinos
1364 338 1538 380 furcam
1570 338 1617 380 in

250 415 366 456 00110
397 414 513 455 ferre
544 414 787 469 subligatis
820 414 875 455 ad
910 427 1007 456 eam
1039 413 1294 455 manibus.“

363 489 524 530 Altera
568 501 658 529 vox
704 487 1030 530 contumeliose
1077 487 1221 530 servis
1260 486 1481 528 Romanis
1528 499 1619 527 non

249 561 388 604 semel
420 561 560 604 dicta:
610 560 878 613 „carnufex“
913 561 1112 603 occurrit
1144 573 1231 603 Vss.
1264 563 1358 603 376.
1394 563 1488 602 422.
1523 561 1617 602 518.

251 638 350 683 5883
385 636 512 678 cuius
546 635 699 677 omnia
731 635 1009 677 comicorum
1042 634 1248 689 exempla
1280 633 1463 687 collegit
1499 633 1617 674 idem

251 710 554 752 Hoffmannus
607 710 654 764 (l.
695 723 728 751 s.
759 723 792 752 s.
840 713 981 764 1221)
1034 709 1081 751 in
1135 708 1429 750 adnotatione
1484 707 1621 749 simul

250 784 483 826 affirmans
517 783 714 826 Graecos
747 797 904 825 vocem
932 781 1129 837 „dojwoffl
1164 783 1337 838 pariter
1367 795 1458 823 non
1489 794 1620 823 usur-

250 871 396 914 passe.
474 857 701 901 Carnufex
753 860 904 900 autem
957 860 1054 899 erat
1099 858 1411 899 Romanorum
1463 867 1620 897 servus

250 935 481 990 publicus,
533 934 613 989 qui
659 933 774 975 alios
821 946 977 975 servos
1024 932 1290 974 verberibus
1337 933 1416 972 aut
1460 929 1621 971 mortis

251 1008 476 1064 supplicio
509 1007 749 1049 afficiebat.

365 1082 589 1137 Deinceps
629 1080 815 1122 afferam
855 1080 1130 1122 convicium:
1182 1079 1436 1131 „ulmorum
1474 1076 1621 1119 Ache-

252 1160 389 1199 runs“
424 1158 480 1210 (v.
512 1156 650 1209 1029),
687 1169 884 1211 quocum
917 1154 1280 1209 componendum
1312 1155 1379 1195 est
1408 1151 1622 1193 maledic-

251 1234 367 1273 tum:
422 1229 710 1282 „ulmitriba“
754 1230 895 1283 (Pers.
940 1229 1054 1282 278).
1130 1228 1255 1270 Haec
1307 1228 1455 1268 autem
1508 1239 1622 1280 quae

252 1305 606 1361 Amphitruonis
663 1305 764 1347 loco
824 1304 1051 1359 leguntur,
1108 1301 1388 1358 significant:
1458 1301 1621 1352 „homo

252 1379 547 1435 nequissime,
596 1379 676 1434 qui
723 1379 888 1434 dignus
929 1391 994 1429 es,
1043 1377 1171 1419 cuius
1209 1377 1256 1418 in
1288 1378 1416 1429 tergo
1453 1374 1623 1415 multae

255 1455 411 1509 virgae
455 1453 629 1495 ulmeae
676 1451 1068 1507 confi¹inga11tui²1“
1133 1450 1265 1503 Quod
1313 1450 1446 1505 poeta
1494 1447 1621 1502 Capt.

254 1542 293 1569 v.
319 1531 401 1571 650
433 1527 499 1570 sic
531 1526 724 1568 effinxit:

371 1601 491 1653 „Vae
523 1600 615 1642 illis
647 1600 792 1655 virgis
824 1598 1018 1650 miseris,
1066 1611 1182 1653 quae
1227 1596 1363 1638 hodie
1408 1596 1455 1637 in
1492 1598 1622 1650 tergo

1198 1671 1451 1713 morientur
1481 1672 1620 1712 meo.“

368 1750 541 1792 Ulmeis
587 1748 731 1804 virgis
771 1748 1076 1790 caedebantur
1116 1746 1236 1788 servi
1274 1745 1488 1796 Romani,
1534 1757 1624 1786 non

255 1824 432 1876 Graeci,
465 1824 543 1880 qui
574 1823 854 1865 feriebantur
884 1822 1028 1863 herba
1059 1820 1270 1876 quadam,
1304 1832 1419 1874 quae
1457 1817 1625 1872 νάρθηξ

256 1899 424 1942 dicitur
461 1897 534 1952 (cf.
567 1897 775 1951 Xenoph.
811 1894 976 1951 Cyrop.
1013 1897 1050 1946 2,
1091 1897 1128 1945 3,
1162 1894 1248 1947 20).
1310 1893 1422 1934 Illae
1467 1893 1625 1948 virgae

257 1988 311 2016 ex
332 1973 457 2015 ulmo
481 1971 709 2014 confectae
731 1982 1054 2025 saepenumero
1078 1968 1196 2024 apud
1221 1967 1435 2009 Plautum
1456 1979 1625 2008 memo—

256 2051 436 2090 rantur:
471 2046 524 2089 cf.
556 2046 688 2101 Epid.
723 2048 790 2087 28.
824 2047 918 2087 311.
953 2046 1048 2085 626.
1081 2043 1203 2085 Pers.
1237 2043 1300 2084 28.
1335 2042 1495 2083 Pseud.
1530 2043 1624 2083 333.

258 2125 352 2164 545.
385 2121 501 2162 Rud.
535 2122 629 2163 (336.
662 2119 791 2162 Asin.
826 2121 922 2161 341.
956 2119 1049 2160 363.
1084 2119 1178 2159 547.
1213 2119 1306 2158 575.

370 2195 523 2238 Etiam
555 2194 749 2235 aliarum
779 2204 1030 2248 poenarum
1064 2190 1298 2233 servilium
1331 2189 1504 2231 Romae
1534 2188 1626 2230 usi-

255 2273 455 2313 tatarum
486 2270 533 2311 in
556 2269 893 2323 Amphitruone
920 2265 1091 2307 mentio
1121 2263 1183 2306 fit.
1232 2265 1302 2306 Ac
1331 2276 1395 2305 vs.
1424 2266 1502 2305 155
1525 2275 1622 2318 sqq.

259 2344 390 2387 Sosia
442 2342 646 2398 exponit,
693 2354 810 2396 quae
855 2352 1001 2395 poena
1045 2339 1134 2381 sibi
1180 2339 1317 2379 noctu
1363 2336 1411 2378 in
1461 2335 1624 2391 plateis

258 2417 512 2459 ambulanti
543 2415 790 2466 immineat,
838 2414 877 2455 si
910 2426 936 2454 a
976 2412 1124 2454 tribus
1166 2411 1274 2452 viris
1313 2410 1360 2452 in
1399 2422 1621 2452 carcerem

259 2492 421 2534 ductus
453 2490 530 2532 sit:

377 2567 476 2607 155:
518 2563 667 2615 „Quid
698 2561 877 2613 faciam,
916 2573 1035 2602 1111110
1066 2559 1105 2602 si
1136 2558 1317 2601 tresviri
1349 2570 1420 2599 me
1450 2557 1498 2598 in
1530 2569 1626 2598 car-

1057 2640 1201 2669 cerem
1235 2624 1568 2681 compegerint‘?
