1835 2990
863 173 915 211 71>

322 293 415 334 Nec
446 306 552 335 vero
584 294 733 348 magis
766 308 792 335 a
815 293 1092 337 Graecorum
1125 297 1261 339 rebus
1295 297 1462 340 divinis
1495 300 1572 340 ab·

210 366 443 408 horrentia
473 367 688 422 leguntur
720 368 775 410 iis
809 370 987 412 duobus
1020 371 1145 421 locis,
1178 371 1259 413 ubi
1290 385 1405 426 quae
1438 372 1574 413 Alcu-

211 454 340 482 mcna
371 443 631 495 parturiens
664 443 787 484 domi
818 444 987 496 fecerit,
1020 445 1207 487 Bromia
1240 448 1416 487 narrat:

324 528 362 555 v.
402 518 527 558 1061:
573 531 703 568 „nam
734 518 813 560 ubi
844 519 1054 573 ]j›ai·turit,
1088 520 1194 561 deos
1228 520 1317 562 sibi
1348 520 1576 564 invocat“:

324 591 365 629 et
397 602 434 629 v.
473 592 577 631 1091
603 603 688 645 Sq.:

398 663 673 718 „Postquam
705 665 932 719 parturire
964 666 1099 707 hodie
1131 680 1247 708 uxor
1279 668 1452 723 occepit
1482 671 1574 716 tua,

326 735 415 778 Ubi
453 740 581 779 utero
621 739 767 781 exorti
806 739 998 790 dolores,
1047 742 1097 781 ut
1134 741 1281 782 solent
1317 755 1577 796 puerperae,

324 810 514 853 Invocat
546 813 652 855 deos
684 813 955 865 inmortalis,
988 817 1039 855 ut
1060 815 1150 857 sibi
1172 815 1394 856 auxilium
1416 814 1575 865 ferant,

325 886 540 928 Manibus
571 888 712 942 puris,
751 889 897 943 capite
929 892 1127 944 opertof⁴

326 958 454 1010 Quae
491 961 674 1015 quidem
707 965 895 1003 exeunte
927 977 965 1003 v.
1004 966 1129 1005 1094:
1179 963 1354 1018 „capite
1392 964 1577 1017 operto“

213 1036 470 1085 occurrunt,
516 1036 666 1078 minus
714 1050 816 1078 cum
864 1037 1067 1079 moribus
1101 1036 1288 1079 Graecis
1330 1049 1579 1079 consonare

212 1118 275 1154 ea,
323 1107 457 1149 etiam
505 1109 617 1152 haec
660 1111 753 1151 iam
799 1124 938 1165 supra
984 1112 1192 1166 exposui:
1239 1124 1383 1166 neque
1429 1112 1579 1152 autem

213 1183 360 1222 cetera
406 1196 457 1224 ea
495 1186 612 1233 sunt,
660 1187 710 1226 ut
755 1199 781 1227 a
813 1186 1089 1228 Graecorum
1138 1187 1303 1229 ritibus
1348 1185 1578 1240 religiosis

212 1254 344 1308 plane
377 1257 525 1299 aliena
556 1259 659 1300 sint.
708 1260 823 1300 Nam
861 1260 1073 1303 mulieres
1097 1259 1297 1302 Graecae
1327 1262 1500 1316 pariter
1528 1274 1580 1302 ac

213 1329 457 1381 Romanae,
505 1345 620 1387 quae
665 1333 933 1389 plerumque
971 1335 1191 1376 Iunonem
1230 1335 1452 1377 Lucinam
1497 1335 1580 1376 im-

212 1404 467 1458 plorabant,
500 1407 580 1449 ubi
601 1408 808 1462 pariendi
843 1411 1017 1464 tempus
1041 1409 1438 1464 appropinquavit,
1473 1410 1579 1451 deas

213 1480 435 1533 quasdam
466 1481 760 1524 invocabant:
800 1485 935 1538 atque
968 1484 1024 1525 ab
1057 1483 1270 1538 nithyiis,
1302 1484 1474 1525 Iunone
1506 1482 1579 1536 (cf.

213 1552 437 1596 l'rellerus
489 1555 634 1610 Myth.
688 1556 862 1598 Grraec.¹
916 1557 950 1608 I,
1008 1558 1124 1612 113),
1184 1557 1345 1608 Diana,
1397 1557 1580 1608 Venere,

214 1627 420 1670 Minerva
469 1629 539 1682 (cf.
578 1630 804 1672 Prellerus
844 1631 871 1671 1.
906 1644 939 1673 S
973 1644 1007 1673 s.
1040 1632 1075 1682 I,
1119 1633 1215 1682 133)
1260 1632 1486 1686 petebant,
1533 1632 1583 1672 ut

214 1702 304 1744 sibi
335 1703 506 1745 auxilio
531 1707 690 1746 essent.
740 1704 922 1747 Scilicet
945 1707 1065 1760 apud
1096 1708 1340 1761 utrumque
1361 1704 1581 1760 populum

214 1790 394 1819 necesse
446 1781 543 1819 erat
592 1779 798 1822 homines
851 1780 945 1821 deis
997 1780 1306 1835 supplicantes
1364 1781 1407 1820 et
1455 1779 1581 1834 ipsos

213 1864 353 1905 puros
399 1865 496 1894 esse
534 1855 577 1894 et
622 1866 732 1896 vasa
767 1867 884 1909 pura
930 1855 987 1895 ad
1024 1867 1096 1896 res
1143 1854 1321 1896 divinas
1358 1866 1582 1909 usurpare

215 1925 402 1980 (Amph.
452 1930 545 1970 9413.
597 1930 717 1970 1126.
766 1927 893 1983 Capt.
942 1930 1024 1970 860
1060 1941 1126 1983 sq.
1188 1927 1293 1970 Aul.
1338 1928 1452 1981 270).
1516 1925 1581 1969 Cf.

216 2000 351 2041 etiam
399 2000 557 2043 Cicero
605 2003 659 2044 de
703 2002 788 2057 leg.
829 2005 866 2053 2,
910 2005 973 2053 10,
1007 2005 1078 2043 24:
1131 1999 1295 2053 „Caste
1339 2001 1466 2043 iubet
1508 2000 1582 2042 lex

216 2074 340 2116 adire
373 2076 429 2117 ad
461 2076 568 2117 deos
602 2076 753 2118 animo
792 2076 1015 2127 videlicet,
1062 2076 1109 2117 in
1147 2089 1236 2131 quo
1274 2078 1380 2117 sunt
1411 2074 1581 2116 omnia:

216 2163 295 2191 nec
318 2150 470 2191 tollit
498 2151 877 2193 castimoniam
902 2150 1165 2205 corporis,
1198 2149 1275 2191 sed
1298 2150 1383 2191 hoc
1406 2150 1584 2204 oportet

216 2224 465 2279 111161163ήῦί
499 2225 710 2266 similiter
741 2225 852 2267 dicit
882 2225 1160 2278 Megadorus
1193 2237 1329 2265 senex
1358 2223 1405 2264 in
1438 2221 1582 2264 Aulu-

217 2298 329 2340 laria
363 2299 575 2340 Plautina
606 2299 666 2352 (v.
692 2300 813 2351 57a):

334 2386 411 2424 „eo
472 2373 692 2424 lavatum,
754 2376 804 2414 ut
864 2372 1173 2415 sacruficeinf‘
1265 2371 1387 2423 Quin
1448 2369 1581 2411 etiam

219 2448 439 2489 verbenae
489 2449 655 2503 quibus
707 2447 1016 2489 sacrificantes
1068 2447 1331 2496 utebantur,
1384 2458 1437 2486 ex
1482 2443 1583 2485 loco

219 2535 332 2577 puro
366 2523 671 2577 decerpendae
703 2524 832 2563 erant
863 2521 936 2575 (cf.
970 2522 1133 2563 Donat.
1169 2521 1227 2562 ad
1249 2521 1344 2562 Ter.
1379 2519 1521 2562 Andr.
1546 2520 1584 2568 4,

219 2598 258 2647 3,
294 2600 362 2647 113
396 2596 507 2638 Hor.
542 2597 610 2638 od.
646 2599 683 2647 4,
720 2600 783 2645 11,
818 2599 841 2638 6
865 2596 961 2650 sq).
1016 2595 1151 2649 Apud
1185 2593 1384 2636 Graecos
1417 2591 1586 2634 similia
