1799 2990
882 162 901 199 T

213 285 408 337 nerus;¹)
456 284 591 325 etiam
638 283 822 325 Brixius
868 286 910 325 et
953 283 1202 325 Lorenzius
1244 284 1289 324 in
1338 283 1576 325 nonnulla-

213 371 313 399 rum
344 357 601 399 fabularum
624 357 936 399 Plautinarum
969 357 1245 399 editionibus
1279 357 1373 399 suis
1407 358 1459 398 de
1491 357 1575 398 hac

212 445 260 473 re
297 432 438 474 locuti
476 435 592 473 sunt.
664 431 716 474 G.
759 431 1023 485 Boisserii2)
1063 432 1254 485 denique
1292 430 1495 473 libellum
1534 436 1576 471 et

211 506 258 548 F.
300 506 507 561 Grohiiss)
555 506 979 548 commentationem
1031 507 1151 561 quod
1216 506 1438 559 inspicere
1485 518 1571 546 non

210 580 350 635 potui⁷
383 580 525 622 doleo.

321 667 385 708 At
430 665 542 707 mihi
588 665 771 720 quidem
818 665 1089 707 Schusterus
1142 668 1184 706 et
1231 665 1572 719 Ostermeyerus

208 753 487 795 quamquam
533 739 677 781 multo
724 740 890 781 rectius
937 753 1074 794 quam
1113 738 1420 781 Scliroederus
1452 739 1574 793 iique

208 814 287 869 qui
319 828 421 856 cum
444 828 494 856 eo
517 814 702 865 faciunt,
734 814 781 855 in
813 814 1075 856 universum
1101 814 1154 855 de
1187 815 1272 855 hac
1294 828 1340 855 re
1364 814 1573 855 videntur

206 888 492 939 iudicavisse,
525 891 674 929 tamen
709 901 797 929 non
829 901 1016 943 prorsus
1038 890 1362 942 persuaserunt
1392 890 1571 942 poetam

207 963 384 1005 fabulas
431 963 780 1018 diligentissime
825 963 872 1004 in
918 976 1170 1004 sermonem
1221 963 1422 1017 patrium
1470 975 1573 1004 con-

206 1037 415 1088 vertisse,
463 1038 547 1079 etsi
595 1051 694 1079 cum
743 1038 896 1078 omnia
942 1039 1213 1087 argumenta
1259 1050 1311 1078 ex
1353 1035 1570 1091 exemplis

207 1111 376 1153 Atticis
407 1111 549 1166 petita
579 1114 675 1152 tum
708 1111 936 1152 interdum
968 1111 1188 1152 nmmulla
1219 1110 1444 1153 translata
1475 1123 1572 1152 esse

206 1184 400 1227 libenter
445 1185 656 1235 concedo,
703 1198 819 1239 quae
864 1187 1141 1239 spectatores
1174 1185 1369 1226 Romani
1414 1184 1568 1226 statim

205 1257 459 1312 perspicere
489 1271 579 1299 non
612 1261 808 1312 possent.

320 1345 389 1385 Ac
419 1356 534 1398 quae
564 1342 722 1386 Cicero
746 1344 799 1385 de
820 1344 970 1395 Ennii,
1006 1344 1202 1393 Pacuvii,
1236 1343 1367 1385 Accii
1395 1342 1571 1384 ratione

208 1418 410 1459 vertendi
433 1418 548 1459 dixit
570 1417 804 1460 affirmans
836 1419 881 1460 in
905 1418 1192 1460 Academicis
1227 1419 1277 1471 (I,
1302 1421 1339 1469 3,
1370 1411 1434 1471 lO)
1467 1417 1569 1458 illos

205 1491 413 1547 exempla
444 1491 618 1534 Graeca
662 1492 892 1534 imitantes
938 1495 1028 1533 no‘n
1074 1493 1230 1541 verba,
1278 1492 1357 1533 sed
1396 1494 1570 1532 senten-

204 1566 371 1607 tiarum
406 1566 493 1608 vim
527 1567 792 1618 reddidisse,
840 1568 994 1609 eadem
1032 1567 1077 1608 in
1110 1567 1322 1608 Plautum
1362 1566 1571 1607 videntur

206 1640 375 1681 cadere.
418 1641 573 1695 Neque
596 1642 714 1682 enim
737 1655 838 1683 eum
860 1642 995 1683 nimis
1018 1642 1150 1683 anxie
1181 1641 1373 1696 vestigia
1399 1640 1571 1682 Graeca

204 1714 438 1768 pressisse,
462 1715 532 1756 vel
554 1728 604 1756 eo
628 1716 932 1770 cognoscitur,
961 1717 1081 1771 quod
1106 1717 1357 1758 orationem
1378 1715 1568 1757 liberius

205 1801 258 1830 ac
289 1801 466 1831 summo
489 1788 682 1831 artificio
716 1791 972 1845 composuit
999 1790 1073 1843 (cf.
1098 1790 1348 1832 Lorenzius
1371 1788 1566 1831 Mostell.

204 1862 342 1917 praef.
389 1876 463 1918 pg.
494 1867 545 1906 *26
575 1866 708 1919 sqq).
776 1867 929 1919 Atque
974 1865 1102 1906 illam
1149 1867 1293 1906 artem
1339 1864 1566 1919 egregiam

205 1937 509 1980 admirabitur
530 1939 804 1994 quicumque
835 1940 1043 1994 quamvis
1066 1939 1357 1994 neglegenter
1379 1938 1568 1980 cursim—

204 2025 290 2065 que
321 2012 573 2066 quamlibet
602 2012 806 2055 fabulam
828 2013 1086 2068 perlegerit:
1120 2026 1315 2068 namque
1337 2011 1568 2067 intelleget

205 2099 306 2126 eum
339 2086 597 2128 comoedias
630 2101 732 2129 cum
775 2087 930 2130 multis
975 2087 1077 2130 aliis
1110 2087 1333 2129 sermonis
1365 2085 1567 2142 proprie-

202 2159 375 2202 tatibus
398 2174 642 2204 exornasse
663 2164 759 2203 tum
779 2162 954 2205 facetiis
987 2162 1258 2205 scurrilibus
1283 2175 1335 2203 ac
1356 2160 1566 2216 plurimis

321 2354 344 2395 ¹)
386 2355 461 2395 „De
496 2356 621 2390 Plauti
658 2357 916 2391 comoediarum
957 2357 1127 2401 exemplis
1164 2356 1300 2391 Atticis
1341 2355 1566 2399 quaestmnes

202 2410 355 2445 maxime
380 2412 667 2457 chronologica&
696 2414 779 2449 diss.
805 2415 925 2459 inaug.
953 2415 1118 2459 Gotting.
1145 2415 1242 2449 1894.

316 2473 345 2517 ²)
387 2474 589 2519 „Quomodo
598 2475 753 2511 Graecos
767 2482 890 2521 poetas
899 2478 1053 2512 Plautus
1067 2477 1316 2511 transtule1·it“
1333 2476 1446 2510 Paris.
1469 2477 1566 2509 1857.

316 2538 344 2579 ³¹¹)
385 2537 587 2582 „Quomodo
627 2539 782 2574 Plautus
830 2540 866 2574 in
914 2540 1100 2574 comoediis
1149 2539 1397 2583 componendis
1444 2543 1567 2582 poetas

203 2593 358 2627 Graecos
384 2598 526 2629 secutus
552 2595 630 2629 sit.“
669 2596 776 2640 Listy
802 2597 1002 2641 filologickc
1029 2598 1116 2631 1892
1140 2608 1224 2641 pgg.
1253 2597 1442 2630 iol—172.
